4834 5634
502 684 506 689 Ι
628 532 713 642 De
730 526 1077 660 conscribendis
1102 530 1254 637 libris
1272 532 1537 672 historicis.
1659 567 1739 676 551

431 790 464 873 3.
494 758 540 844 ln
557 760 677 843 causas
694 758 849 844 latentes
867 786 1080 871 eorumque
1095 760 1324 843 concursum
1342 766 1503 872 inquirat
1520 762 1541 868 (
1549 761 1579 867 p.
1598 787 1683 866 727.
1695 761 1739 863 ),
1862 770 1867 783 '

429 876 562 981 saetis,
577 874 692 960 fieubi
710 904 809 985 opus
825 876 958 977 suerit,
984 880 1253 985 experimentis
1268 878 1520 987 adhibitisque
1535 877 1740 957 microscu-

428 998 524 1105 piis,
539 990 677 1104 quibus
695 990 810 1074 latens
826 999 865 1074 in
882 997 1052 1102 apricum
1069 994 1302 1100 producitur.
1358 1020 1397 1104 4.
1429 992 1682 1076 Definitioues
1700 992 1738 1072 dt

427 1110 565 1213 judicia
580 1106 795 1190 universalia
813 1111 952 1192 condat
966 1110 987 1215 (
996 1109 1024 1213 s.
1044 1111 1137 1213 679.
1154 1134 1243 1214 705.
1253 1113 1287 1217 )‚
1297 1110 1538 1219 summopere
1554 1130 1680 1189 tamen
1696 1106 1739 1189 sr-

428 1224 467 1309 bi
482 1250 643 1329 cavens‚
659 1252 707 1305 ne
724 1224 848 1307 suade
865 1231 933 1331 iis,
950 1252 1029 1334 quac
1047 1226 1237 1331 observat,
1253 1226 1391 1327 judicia
1405 1255 1495 1309 cum
1512 1224 1741 1308 observatio-

430 1368 479 1425 ne
499 1336 720 1423 confundat.

542 1452 607 1539 Ex
621 1455 775 1537 historia
792 1453 945 1535 naturali
962 1460 1145 1563 petiturus
1162 1461 1344 1566 principia
1364 1522 1375 1562 ,
1400 1456 1537 1567 quibus
1554 1476 1677 1539 utatur
1699 1460 1740 1536 in

430 1568 585 1663 seientia
600 1572 798 1653 condenda
817 1634 828 1673 ,
853 1569 1032 1652 desiderat
1049 1572 1108 1652 vel
1125 1578 1302 1656 notiones
1319 1575 1526 1682 specierum
1545 1637 1558 1677 ,
1579 1594 1619 1655 ut
1635 1573 1741 1653 dein-

431 1714 525 1797 ceps
541 1714 723 1795 generum
740 1684 972 1796 aliarumque
990 1686 1198 1795 specierum
1219 1695 1397 1771 notiones
1416 1690 1504 1769 inde
1525 1689 1741 1769 deriventur

431 1804 454 1911 (
464 1810 498 1911 §-
516 1828 600 1909 710.
618 1828 700 1909 7¹4·
711 1806 752 1910 ),
769 1798 829 1881 vel
844 1803 1102 1908 desuritioues‚
1120 1826 1163 1887 ut
1179 1806 1267 1887 inde
1282 1804 1357 1884 alia
1373 1802 1650 1913 propositiones
1660 1800 1741 1883 col-

431 1916 595 2027 ligantur
610 1920 671 2026 (q.
690 1920 830 2025 724),
844 1917 904 1998 vel
922 1918 1084 2030 denique
1101 1918 1544 2029 propofitiones‚quibus
1561 1940 1738 2029 tanquam

431 2038 725 2121 ratiociniorum
741 2033 931 2143 praemissis
950 2054 1072 2116 utatur
1089 2039 1110 2143 (
1120 2036 1150 2143 q.
1168 2062 1256 2143 724.
1274 2062 1357 2143 725.
1367 2062 1449 2143 727.
1467 2049 1553 2141 728.
1564 2030 1742 2143 ).Enim-

429 2178 528 2245 vero
545 2154 723 2235 'notiones
739 2176 921 2257 generum
937 2171 1047 2260 atque
1064 2156 1270 2260 specierum
1287 2155 1402 2235 condi
1426 2171 1616 2262 nequeunt
1633 2212 1645 2253 ,
1675 2144 1742 2228 nist

431 2266 765 2379 praesupponantur
795 2270 971 2347 notiones
995 2264 1064 2346 illa
1089 2265 1266 2349 distiustae
1290 2332 1303 2372 ,
1331 2297 1413 2379 que
1445 2266 1491 2348 ab
1513 2265 1742 2375 experientia

432 2384 660 2469 hauriuntur
681 2382 742 2487 (s.
766 2406 849 2486 7ιο.
875 2405 954 2485 714.
982 2386 1077 2489 88.)
1100 2408 1143 2465 ac
1168 2388 1342 2491 inprimis
1366 2384 1581 2464 differentiae
1614 2406 1742 2461 rerum

433 2498 577 2585 fuerint
592 2494 788 2607 perspeda
815 2499 836 2601 (
845 2498 875 2603 p.
892 2521 952 2601 72.
962 2498 995 2602 ).
1054 2495 1201 2609 Neque
1217 2498 1457 2581 definitiones
1472 2500 1638 2580 condere
1654 2494 1743 2575 licet

432 2642 573 2701 eorum
589 2640 696 2721 ope,
721 2640 801 2723 quar
818 2611 1098 2695 observavimus
1115 2678 1128 2717 ‚
1156 2613 1222 2697 nisi
1243 2615 1386 2697 modos
1403 2680 1416 2719 ‚
1449 2614 1620 2697 attributa
1638 2611 1674 2691 δι
1691 2607 1745 2689 es-

433 2728 599 2815 sentialia
614 2748 804 2811 accurrate
820 2727 1046 2835 distinguere
1070 2734 1291 2811 noverimus
1315 2732 1336 2837 (
1345 2732 1377 2839 s.
1395 2736 1510 2839 731·)·
1571 2728 1613 2812 Iu
1630 2730 1744 2807 ratio-

435 2852 547 2957 ciniis
574 2856 656 2927 non
679 2842 750 2924 effe
776 2842 907 2924 locum
936 2842 1002 2926 nisi
1024 2845 1175 2947 judiciis
1196 2845 1482 2950 determinatis,
1511 2844 1674 2929 Dicdum
1696 2841 1746 2920 de

435 2966 548 3049 omni
566 2958 750 3062 denudo,
774 2962 1060 3041 ratiociniorum
1077 2958 1365 3043 fundamentum
1384 2962 1447 3069 (1.Ι
1463 2991 1539 3068 353.
1550 2968 1591 3070 ),
1611 2955 1745 3067 probat

438 3082 501 3187 (§.
517 3080 645 3185 348.)
679 3072 879 3197 Qoniam
894 3102 986 3156 vcro
1004 3076 1084 3156 fieri
1100 3077 1245 3183 potest,
1268 3097 1307 3157 ut
1327 3076 1392 3157 fibi
1408 3068 1569 3184 experiri
1589 3078 1672 3185 quis
1689 3076 1746 3148 vi-

440 3196 595 3297 deutur,
609 3194 716 3305 quod
733 3196 891 3271 minime
908 3196 1096 3301 eupetitur
1111 3194 1132 3297 (
1142 3194 1171 3299 §-
1190 3196 1314 3299 667.)
1330 3256 1342 3293 ‚
1366 3219 1408 3273 ac
1424 3214 1595 3299 praterea
1613 3192 1651 3268 iu
1667 3184 1748 3266 sor·
1853 3260 1855 3266 .

436 3310 589 3397 mandis
601 3308 750 3413 judiciis
766 3307 814 3386 de
831 3304 942 3389 rebus
959 3312 1142 3415 perceptis
1159 3335 1178 3388 a
1203 3335 1295 3389 vcro
1315 3306 1457 3389 aberret
1482 3338 1494 3401 3
1522 3306 1569 3387 de
1592 3307 1747 3383 veritate

435 3428 675 3533 judiciorum
692 3424 848 3519 iudicari
864 3426 1015 3533 nequit,
1031 3422 1056 3504 s1
1073 3427 1156 3534 quis
1171 3424 1234 3506 sua
1250 3426 1381 3531 deiis,
1398 3452 1476 3533 quar
1493 3422 1662 3505 observat
1672 3482 1682 3521 ‚
1692 3420 1750 3518 iu-

437 3544 539 3629 dicia
556 3568 647 3623 cum
663 3538 922 3621 observatione
936 3536 1149 3621 confundit.
1205 3536 1269 3621 Ex
1293 3539 1353 3621 his
1378 3543 1493 3647 igitur
1510 3534 1688 3621 omuibus
1706 3530 1751 3615 st·

438 3656 526 3745 mul
542 3652 728 3769 perpeufis
746 3653 885 3764 liquet,
909 3652 935 3735 si
952 3653 1105 3737 historia
1122 3654 1298 3737 naturalis
1313 3682 1355 3735 ea
1378 3656 1444 3737 fini
1460 3651 1750 3753 conscribenda,

430 3788 487 3861 'ut
510 3778 661 3857 animus
686 3766 838 3851 lestoris
858 3774 1053 3879 principiis
1074 3770 1265 3853 imbuatur
1290 3773 1336 3853 ad
1362 3778 1554 3856 ratiocinia
1570 3774 1617 3854 de
1638 3765 1750 3869 rebus

436 3886 673 3977 naturalibus
689 3886 886 3969 formanda
902 3888 1159 3995 proficuis‚ea
1177 3886 1404 3971 observanda
1418 3890 1510 3996 esse,
1528 3918 1608 4003 quae
1627 3882 1751 3967 modo

423 4030 704 4123 praecepimus,

546 4190 708 4265 Historiae
726 4186 886 4261 naturalis
903 4187 1058 4285 preclara
1076 4191 1227 4287 exempla
1252 4190 1344 4265 dedit
1364 4197 1417 4265 vir
1429 4196 1465 4265 in
1479 4188 1547 4263 hoc
1562 4184 1751 4261 studiorum

437 4368 440 4373 .
497 4320 622 4393 genere
646 4296 799 4367 eminens
821 4290 861 4363 de
882 4296 1045 4363 Reauaatr
1061 4344 1074 4373 ,
1093 4294 1129 4363 iu
1153 4296 1413 4372 Commentariis
1433 4292 1621 4365 Academiae
1641 4290 1754 4379 Regiae

478 4401 744 4479 -scientiarum,
758 4395 817 4490 qui
834 4391 875 4463 ab
891 4392 1038 4489 ejusdem
1047 4394 1233 4467 secretario
1241 4400 1427 4469 Fontenrslin
1445 4421 1520 4467 eum
1538 4394 1627 4464 illius
1638 4388 1753 4461 Histo·

495 4502 547 4575 ria
564 4500 745 4598 quotannis
759 4494 916 4567 eduntur.
940 4496 975 4563 Si
990 4496 1065 4587 quis
1080 4520 1118 4565 ea
1134 4518 1257 4570 attenta
1276 4522 1389 4571 mente
1404 4496 1603 4597 pervolvere
1625 4490 1757 4567 studue·

499 4599 694 4713 rit,eadem
706 4596 833 4693 regulis
845 4592 968 4671 nothis
980 4592 1170 4673 conformia
1186 4600 1425 4701 deprehendet.
1609 4700 1640 4809 ᾗ

1670 4718 1755 4807 772.
