4834 5634
668 815 996 957 quibasdam
1007 816 1323 959 generalibus
1338 820 1483 927 entis.
1644 846 1749 961 ¹47

576 1156 750 1273 anue
766 1160 977 1243 constanter
992 1162 1135 1271 insunt,
1149 1166 1215 1249 sed
1240 1193 1308 1277 per
1326 1162 1522 1249 essentialia
1549 1160 1659 1247 sunus
1684 1164 1750 1245 de·
1764 1156 1932 1233 attribuer

431 1280 703 1381 terminantur,
716 1272 901 1359 attributa
916 1276 1015 1357 dico,
1762 1272 1853 1335 ‘'²5⁸'‘-

539 1396 579 1463 Ε.
596 1416 650 1485 gr.
677 1396 804 1485 Figura
820 1389 928 1462 tribus
943 1392 1039 1463 lineis
1055 1395 1231 1463 terminata
1240 1389 1419 1466 necessario
1429 1417 1564 1491 quoque
1573 1390 1750 1465 treshabet

482 1494 630 1587 angulos
644 1494 678 1566 u
696 1492 781 1564 datis
797 1492 893 1563 lineis
909 1492 1025 1582 anguli
1039 1517 1106 1564 una
1117 1490 1389 1567 determinantur.
1407 1500 1586 1567 Numerua
1595 1493 1677 1566 adeo
1685 1516 1747 1565 ter·

474 1588 602 1667 'narius
619 1589 878 1687 angulorumest
891 1590 1051 1683 trianguli
1066 1590 1275 1665 attributum.
1329 1595 1489 1667 Similiter
1498 1619 1749 1693 pernumerum

481 1696 672 1769 ternarium
686 1694 834 1765 laterum
849 1687 1035 1790 ¹&speeiem
1049 1692 1250 1767 lineaerestae
1266 1719 1332 1767 una
1339 1696 1576 1770 determinatur
1584 1700 1748 1793 quantitas

482 1798 592 1868 trium
608 1796 814 1889 angulorum
827 1792 927 1867 fimus
950 1786 1162 1883 sumturum,
1186 1799 1349 1870 nimirum
1374 1798 1545 1897 equalitas
1562 1797 1747 1869 eorundem

488 1890 823 1971 cumtuobusrestia
848 1894 1594 1991 AEquasitesergoomniumangulorumcum
1615 1896 1748 1971 duobus

497 1992 649 2069 reffiaell
664 1996 858 2073 attributum
866 1996 1030 2088 trianguli
1041 1994 1218 2071 restilinei·
1245 1995 1747 2093 Similiterstfiguraereslilineae

500 2098 652 2195 quinque
670 2120 833 2197 ponantur
848 2096 952 2171 latera
960 2096 1098 2195 aqualia
1109 2097 1397 2191 &anguliomnea
1405 2099 1621 2198 aequtleaper
1629 2126 1746 2173 nume

500 2222 583 2269 rum
598 2202 768 2297 quinarum
776 2202 919 2272 laterum
932 2198 1177 2271 determinatur
1186 2198 1282 2273 fimus
1292 2226 1453 2274 numerus
1461 2204 1634 2300 quinarius
1643 2224 1744 2293 angu-

496 2296 1746 2399 lammirpernumerumquinariumlaterumatqueeorundemfflngulo·

485 2422 572 2479 tum
583 2404 800 2499 aequalitatem
807 2404 976 2501 quantitas
984 2405 1085 2475 unius
1093 2402 1221 2499 anguli,
1230 2398 1285 2477 seu
1293 2406 1376 2476 ratio
1385 2402 1456 2499 ejus
1468 2397 1693 2513 sesquiqqinta
1702 2402 1743 2475 aas

479 2496 630 2577 aestum.

1015 2623 1045 2709 a.
1098 2603 1167 2683 66.

567 2731 794 2840 Artatur,
823 2763 904 2845 qua
920 2762 987 2843 per
1002 2739 1131 2817 omnia
1147 2734 1345 2818 essentialia
1367 2734 1476 2819 fimus
1490 2734 1741 2817 determinan-
1752 2760 1927 2839 Auram,

429 2872 518 2957 tut,
545 2852 1011 2966 dicunturProprictates,
1037 2852 1130 2930 item
1136 2859 1379 2965 proprietates
1391 2850 1592 2958 ssertiales,
1601 2848 1740 2933 faveat·
1751 2882 1825 2931 rum
1838 2864 1950 2965 dusera:

427 2965 765 3087 mlutaprrprr'ae
790 2994 875 3077 qua
888 2992 984 3049 vero
997 2992 1069 3079 per
1087 2992 1211 3048 unum
1225 2965 1288 3051 rel
1300 2962 1449 3079 aliquot
1462 2987 1603 3049 eorum
1617 2965 1834 3063 aeter-nau

417 3088 651 3195 minamur,
676 3082 758 3169 dici
782 3079 937 3195 possunt
969 3086 1220 3198 Proprietater
1244 3108 1442 3171 communes
1470 3078 1533 3166 vel
1559 3078 1745 3170 attributa

428 3226 639 3288 columma.

532 3320 573 3387 E.
583 3342 634 3409 gr.
661 3320 703 3386 sn
718 3309 889 3404 triangulo
897 3306 1072 3382 restilineo
1081 3313 1168 3383 ratio
1176 3310 1369 3409 aequalitatis
1378 3315 1481 3384 trium
1490 3313 1694 3405 angulorum
1702 3316 1744 3389 ad

485 3414 570 3489 duos
583 3414 942 3491 reaosdeterminatur
950 3436 1012 3508 per
1028 3435 1209 3482 numerum
1219 3410 1362 3483 laterum
1372 3412 1406 3483 sir
1416 3407 1558 3511 speciem
1568 3416 1742 3505 linearum,

488 3516 635 3613 adeoque
643 3544 706 3620 per
722 3520 836 3589 omnia
849 3509 1027 3585 essentialia
1035 3511 1193 3604 trianguli
1201 3508 1363 3584 restilinei
1371 3516 1411 3603 (s.
1424 3518 1486 3599 64.
1497 3517 1518 3603 ).
1568 3512 1625 3584 Esl
1639 3519 1744 3607 igitur

489 3618 653 3715 aequalitas
666 3622 772 3691 trium
788 3614 991 3711 angulorum
1007 3639 1086 3699 cum
1102 3610 1234 3685 duobus
1252 3608 1351 3687 restis
1377 3617 1567 3711 proprietas
1581 3616 1744 3711 trianguli

486 3717 660 3798 rellilinei,
689 3719 754 3792 Sed
763 3740 924 3790 numerus
934 3717 1100 3789 ternarius
1112 3714 1313 3809 angulorum
1323 3737 1384 3810 per
1393 3708 1500 3787 solum
1508 3739 1690 3791 numerum
1699 3717 1744 3790 la·

486 3847 598 3897 rerum
612 3824 866 3907 determinatur,
881 3842 950 3887 non
967 3838 1090 3889 attenta
1103 3812 1210 3916 speeie
1224 3815 1390 3886 linearum
1405 3872 1414 3903 ,
1436 3837 1535 3913 atque
1556 3815 1634 3891 ideo
1654 3824 1746 3892 attri-

487 3924 606 3999 butum
617 3920 863 4009 communeest‚
875 3919 965 4017 quod
976 3923 1070 3991 omni
1079 3918 1249 4011 triangulo
1259 3920 1434 4013 competit,
1450 3916 1516 3991 sive
1531 3916 1745 3993 restilineum

486 4026 599 4116 fuerit,
607 4024 674 4100 five
688 4028 923 4108 curvilineum,
932 4018 1238 4107 fivernixtilineum
1247 4043 1317 4090 non
1331 4038 1445 4091 tamen
1461 4018 1517 4091 alii
1531 4018 1646 4113 figurae
1662 4046 1746 4121 prae-

487 4154 538 4203 ter
554 4128 775 4223 triangulum.
829 4122 959 4197 Eodem
973 4123 1078 4195 modo
1087 4116 1152 4195 sese
1170 4146 1224 4194 res
1239 4115 1340 4189 habet
1349 4142 1428 4191 cum
1438 4126 1621 4219 quantitate
1630 4123 1745 4215 anguli

487 4235 588 4307 uniue
604 4234 843 4331 inpentagono
856 4224 1004 4319 regulari
1021 4224 1209 4299 &numero
1221 4222 1375 4321 quinario
1385 4222 1746 4322 angulorumejusdem

485 4339 679 4435 pentagoni
1617 4338 1619 4345 '

1017 4428 1045 4517 §-
1104 4432 1169 4537 67.

569 4546 798 4655 Mutabilia,
827 4576 908 4661 quat
927 4551 1004 4629 enti
1022 4539 1165 4651 insunt,
1180 4576 1253 4633 nec
1270 4579 1339 4661 per
1355 4538 1552 4635 essentialia
1568 4541 1743 4624 determi-
1759 4532 1853 4657 ssodi
1866 4537 1904 4613 de
1928 4544 1976 4611 m·-

456 4686 598 4773 autur,
630 4662 762 4753 Molos
798 4663 982 4775 appellare
1022 4660 1156 4756 sole03
1184 4661 1407 4751 Scholastici
1434 4660 1591 4745 accidens
1619 4653 1745 4765 appel.
1759 4656 1813 4709 ³¹0·

457 4778 522 4865 late
547 4784 694 4891 solent,
727 4775 1065 4899 immedicabile,
1101 4780 1139 4862 δι
1165 4804 1440 4899 notmunquam
1465 4770 1624 4863 arcadem
1636 4776 1746 4891 sepa·

449 4892 562 4987 rasile.

1062 5018 1097 5085 T
1123 5036 1144 5085 2
1654 5004 1749 5101 Qto
