4834 5634
929 812 1266 957 philosophica.
1694 854 1764 963 57
1893 876 1903 892 .

1055 1109 1064 1127 .
1123 1070 1190 1131 121.

558 1160 602 1242 sn
603 1152 901 1275 propositionibus
906 1047 1139 1275 pbilosodbi'cis
1146 1155 1297 1243 conditio
1305 1182 1472 1245 accurate
1479 1156 1761 1267 determinanda,
1773 1189 1955 1293 pmpofitfo.

421 1270 500 1390 fieb
514 1298 585 1416 qua
593 1268 841 1391 predicatum
856 1274 1262 1379 coiumtisubjedqseu
1268 1273 1339 1381 fieb
1354 1304 1426 1394 qua
1441 1272 1580 1394 alequid
1585 1272 1627 1358 de
1635 1304 1676 1359 re
1691 1279 1759 1360 alr·
1773 1316 1849 1363 num
1867 1290 1999 1393 philipi·v

432 1418 511 1513 qua
523 1389 745 1491 affirmatur,
760 1388 825 1471 vel
836 1414 1003 1505 negatur.
1059 1384 1102 1471 In
1117 1388 1360 1497 philosophia
1376 1390 1562 1472 reddenda
1580 1392 1632 1471 est
1649 1391 1936 1497 rati0,ph1'carum

414 1534 505 1591 ¹cur
518 1502 704 1615 possibilia
722 1500 858 1584 atium
873 1503 1051 1615 consequi
1067 1506 1205 1616 possint
1224 1506 1381 1611 (plu),
1405 1507 1673 1616 consequenter
1689 1490 1887 1590 cursm·

436 1620 580 1733 aliquid
594 1620 642 1701 de
657 1643 699 1700 re
716 1616 847 1727 aliqua
863 1619 1057 1722 affirmari,
1082 1619 1142 1701 vel
1158 1625 1285 1726 negari
1301 1619 1442 1703 debeat.
1501 1618 1647 1743 Qodsr
1664 1651 1757 1731 ergo

433 1742 556 1839 tati0,
584 1761 651 1817 cur
662 1734 916 1843 praedicatum
932 1738 1110 1815 convenit
1126 1736 1196 1816 suo
1213 1732 1401 1840 subjetto,
1420 1735 1480 1817 vel
1504 1742 1544 1817 in
1567 1737 1758 1822 definitio-

438 1878 510 1955 ne,
536 1847 597 1961 vel
611 1854 651 1931 in
664 1848 900 1931 conditione
914 1846 1034 1959 aliqua
1060 1853 1323 1944 contineatur3
1377 1850 1629 1961 philosophus
1647 1882 1758 1936 mon-

425 1966 556 2049 ·straic
569 1962 696 2067 debet,
723 1963 936 2075 quomodo
953 1969 991 2043 vi
1008 1964 1110 2045 istius
1126 1963 1186 2045 vel
1202 1965 1455 2071 definitionis,
1485 1965 1545 2047 vel
1567 1970 1758 2051 conditio-

453 2082 516 2161 nis
528 2079 761 2185 praedicatum
774 2075 942 2178 subjetto
958 2085 1165 2161 conveniat.
1233 2076 1362 2205 Qnre
1385 2080 1684 2191 propositionem
1707 2090 1759 2168 ita

459 2193 590 2276 efferre
611 2190 741 2295 debet,
775 2214 814 2273 ut
832 2192 981 2303 liquido
1007 2215 1197 2304 appareat,
1233 2223 1326 2276 num
1350 2202 1390 2275 vi
1416 2196 1669 2302 definitionis,
1696 2196 1756 2299 vel

458 2307 683 2393 conditionis
705 2304 858 2408 aiicujus
882 2310 1123 2416 praedicatum
1146 2313 1183 2390 ei
1206 2308 1408 2413 tribuatur,
1438 2311 1608 2420 adeoque
1624 2314 1759 2394 condi-

447 2428 505 2508 tio
525 2442 691 2505 accurate
714 2421 1019 2525 determinanda,
1048 2421 1115 2506 nisi
1137 2428 1176 2506 vi
1198 2420 1451 2528 definitionis,
1488 2427 1758 2535 consequenter

440 2536 606 2623 absolute
621 2536 750 2619 eidem
765 2558 968 2647 competat.
1032 2534 1158 2620 Potest
1174 2539 1307 2619 eadem
1323 2536 1532 2647 propositio
1548 2538 1616 2619 alia
1632 2541 1757 2623 adhuc

436 2660 583 2739 ratt'one
599 2652 861 2735 demonstrari.
916 2651 957 2733 Si
974 2655 1169 2757 conditio,
1185 2652 1251 2735 sub
1268 2680 1341 2763 qua
1357 2654 1600 2762 praedicatum
1616 2683 1756 2738 conve·

433 2775 493 2855 nit
508 2766 703 2873 subjecto,
733 2772 775 2849 in
789 2766 1050 2877 propositione
1066 2791 1234 2850 accurate
1249 2795 1328 2849 non
1344 2772 1587 2879 expriniitur3
1616 2769 1754 2854 dubius

433 2913 587 2992 manes,
614 2912 713 2967 num
729 2884 973 2993 predicatum
987 2882 1152 2987 subjedio
1168 2887 1367 2965 conveniat
1384 2881 1550 2965 absolute
1564 2886 1627 2968 seu
1644 2890 1753 2967 omni

434 3008 477 3089 in
490 3004 609 3106 statu,
657 3024 706 3081 an
727 3018 878 3080 tantum
901 2997 967 3079 sub
989 3018 1088 3081 certa
1112 3000 1273 3110 quadani
1296 2997 1518 3080 conditione
1533 2999 1596 3082 seu
1625 2998 1754 3110 aliquo

438 3121 604 3222 mstatu,
635 3112 764 3197 multo
782 3116 910 3195 minus
926 3114 1122 3223 perspice,
1151 3142 1230 3226 quo
1255 3118 1296 3194 in
1321 3114 1412 3194 statu
1437 3114 1540 3194 idern
1563 3116 1689 3196 cidem
1711 3113 1754 3199 sit

416 3230 696 3321 'tribuendum
756 3226 839 3351 Qi
863 3227 999 3313 dubius
1022 3235 1062 3311 in
1085 3228 1156 3311 hac
1180 3233 1389 3337 ignorantia
1403 3230 1584 3334 versatur,
1613 3251 1753 3312 certam

432 3353 705 3459 cognitionem
722 3371 804 3427 non
819 3342 1036 3457 assequitur,
1064 3343 1187 3426 multo
1213 3349 1337 3426 minus
1354 3346 1586 3426 omnimodae
1603 3350 1754 3427 certitu·

436 3468 525 3553 dini
538 3462 679 3548 studet:
705 3460 748 3542 id
762 3460 871 3573 quod
885 3464 1036 3543 notioni
1051 3458 1300 3569 philosophiae
1317 3479 1497 3566 repugnat
1512 3462 1566 3568 (§.
1577 3460 1666 3567 33.).

543 3610 654 3681 Immo
676 3601 752 3677 fieri
771 3604 913 3675 minime
936 3598 1062 3701 potest,
1088 3623 1127 3672 ut
1148 3596 1335 3701 propofitio
1358 3599 1468 3692 aliqua
1490 3596 1751 3690 demonstretur,

490 3706 657 3813 quamdiu
672 3708 870 3801 ignoratur,
893 3727 978 3773 num
995 3700 1214 3802 predicatum
1231 3696 1376 3796 subjesto
1394 3702 1568 3771 conveniat
1584 3693 1752 3785 absolute,

492 3840 540 3887 an
552 3806 613 3885 sub
629 3806 774 3909 quadam
787 3804 990 3893 conditione,
1000 3828 1098 3902 atque
1114 3799 1236 3877 incisu
1254 3800 1431 3900 posteriori
1444 3798 1593 3876 conditio
1608 3799 1664 3875 ista
1679 3828 1752 3874 non

423 3934 428 3947 ·
492 3932 648 3990 accurate
657 3910 908 3985 determinatur.
959 3910 1137 3979 Etenimin
1146 3909 1253 4004 priori
1262 3897 1334 3976 casu
1343 3903 1704 3977 initiuniratioeinandi
1715 3902 1752 3975 fit

493 4045 513 4092 a
526 4013 730 4101 definitione,
737 4010 793 4083 vel
810 4008 850 4082 ab
865 4010 994 4105 iis,quae
1011 4006 1090 4081 inde
1104 4003 1283 4079 necessario
1300 4000 1664 4102 consequunturdjam
1678 4027 1753 4076 ante

496 4109 760 4201 fuerededuiia3
776 4115 812 4182 in
820 4106 998 4210 posteriori
1006 4108 1095 4182 idem
1105 4105 1490 4206 capimusaconditione,
1499 4130 1561 4201 qua
1569 4102 1752 4205 subJeiium

493 4218 748 4296 determinatur.
799 4208 865 4283 Sed
873 4236 909 4285 ea
924 4208 1060 4285 demum
1062 4209 1176 4383 plene
1191 4208 1431 4301 intelligentur,
1447 4206 1506 4277 ubi
1520 4206 1625 4299 logica
1642 4207 1683 4280 de
1699 4208 1753 4280 de·

1075 4337 1098 4411 P

489 4307 894 4401 monstrationedoiirina
909 4308 983 4387 sitis
998 4338 1059 4411 per
1100 4307 1188 4383 esta:
1209 4304 1753 4410 quemadmodum&ipsatheore·

489 4427 592 4504 matis
607 4413 981 4511 demonstratioLogica
992 4410 1192 4519 pemastata
1208 4412 1331 4485 clarior
1346 4406 1471 4483 evadet.

1024 4616 1056 4727 ᾗ.
1116 4640 1190 4700 122.

557 4764 1083 4889 emposttionesphitosophna,
1097 4764 1278 4888 inquibus
1294 4758 1444 4849 conditio
1459 4779 1626 4846 accurate
1641 4754 1757 4844 derer-
1772 4781 1961 4884 Propostrie·

449 4886 693 4999 mrsub
708 4916 783 5009 qua
792 4880 1189 4999 praedicatumfitdt'tsso
1201 4876 1483 4993 tribuiturfirnt
1495 4904 1572 4969 tum
1587 4874 1638 4964 ad
1635 4874 1757 5012 sct‘en-
1769 4910 1845 4958 num
1854 4885 1968 4983 gerrig

500 5008 761 5108 (ssrsfir'Logr'ca)
1224 5003 1263 5076 Η
1661 5011 1756 5078 mn„
