4834 5634
747 521 828 626 Da
849 524 980 631 orario
996 524 1127 627 aliot
1142 517 1412 653 refutandi.
1455 602 1457 607 -
1655 553 1762 669 737

441 754 576 881 gagira
598 752 769 853 refirtario
794 754 870 859 est,
898 778 979 864 quat
1004 747 1209 834 absolvitur
1235 748 1555 835 demonstratione
1577 752 1758 835 indireiia

446 882 513 949 teu
534 868 751 975 apogocica.

522 982 686 1155 iiiplrlnppa
695 978 800 1053 modo
810 982 889 1076 (not.
900 986 927 1074 §.
937 982 1157 1076 1022.)allata
1166 980 1393 1057 differentiam
1405 980 1760 1084 utriusquerefutatio-

499 1108 553 1159 nn
618 1110 639 1156 u
669 1104 754 1155 rant.
1707 1116 1727 1133 ··

1011 1184 1042 1292 p.
1090 1212 1200 1293 1024.

590 1327 634 1415 Si
650 1331 935 1433 demonstratio,
950 1361 1022 1444 qua
1040 1339 1172 1419 nititur
1187 1334 1379 1440 refutatio,
1397 1328 1672 1436 fiveostenfiva‚
1688 1328 1762 1413 five
1786 1329 1979 1424 Diffoamta

447 1452 672 1553 apogocica,
681 1454 898 1531 contexitur
914 1475 961 1529 ex
971 1447 1053 1534 aliis
1071 1450 1397 1562 proposrtionibus
1415 1478 1458 1532 ac
1474 1447 1762 1530 definitionibus
1788 1437 2005 1553 ‘'W''‘sm‘

448 1580 626 1673 tanquam
654 1564 728 1647 suis
757 1568 951 1673 principiis
977 1566 1125 1673 (§.562.
1146 1584 1193 1673 t,
1222 1570 1394 1670 refutatio
1419 1567 1557 1647 dicitur
1585 1596 1608 1643 a
1628 1571 1759 1671 priori.
1786 1547 2004 1654 ‘²⁰?¹⁶²'¹⁴P¹'¹²

449 1670 600 1797 Qodfi
628 1708 721 1762 vero
740 1679 923 1790 supposrta
953 1680 1117 1787 generali
1133 1681 1292 1791 Logieae
1323 1682 1642 1763 demonstratione
1670 1708 1760 1787 pro·
1784 1635 2002 1806 xggapm

428 1794 630 1933 *politiori
652 1793 852 1877 refutanda
880 1800 1087 1905 opponitur
1104 1797 1338 1901 observatio,
1357 1796 1419 1878 vel
1443 1799 1760 1905 experimentum,
1870 1778 1878 1803 ⁸

444 1910 511 1993 seu
527 1916 756 2019 experientia
773 1918 970 2016 contraria,
985 1918 1155 2020 refutatio
1169 1948 1191 1995 o
1201 1917 1388 2023 posteriori
1404 1933 1570 1995 vocatur.

462 2102 467 2115 ,
549 2030 736 2124 Utriusque
751 2024 927 2101 discrimen
945 2054 1023 2100 mox
1040 2032 1163 2104 clarina
1182 2031 1308 2132 patebit
1322 2054 1362 2101 ex
1381 2031 1441 2117 iis,
1466 2054 1538 2125 quae
1554 2025 1594 2097 de
1610 2042 1758 2117 utroque

497 2123 670 2303 refutap'di
687 2155 809 2224 genere
824 2132 860 2203 in
873 2130 1025 2205 medium
1042 2130 1244 2220 afferemus,
1262 2153 1300 2204 ut
1318 2128 1400 2204 adeo
1418 2130 1521 2205 nullis
1545 2128 1600 2199 hie
1617 2148 1705 2224 opus
1719 2118 1758 2192 fit

494 2254 616 2332 exemp
631 2258 671 2305 rs.

1009 2339 1040 2445 p.
1099 2362 1223 2443 1025.-

559 2468 758 2607 Qoniam
774 2494 1048 2599 impugnatioa
1072 2491 1296 2574 refutatione
1320 2488 1466 2574 nonnifi
1489 2485 1614 2570 forma
1631 2487 1758 2569 differt
1782 2496 1995 2594 tmpugaara-

445 2592 589 2681 scilieet
606 2604 712 2712 quod
727 2603 789 2685 illa
822 2607 1047 2715 probatione
1062 2609 1327 2712 iniitffieiente,
1343 2606 1422 2689 hac
1438 2604 1757 2689 demonstratione
1782 2622 1853 2666 nem
1867 2596 1971 2667 rodam

445 2716 912 2832 nitatur(§.1o17.1018.),
928 2724 1104 2832 probatio
1120 2746 1247 2807 autem
1263 2720 1755 2823 insufficiensademonssra-
1780 2696 1870 2768 mado
1884 2698 1994 2789 drffcr·

446 2834 555 2911 tione
572 2838 765 2945 principiis
774 2837 900 2919 differt
917 2842 969 2948 (p.
979 2843 1104 2948 588),
1113 2839 1253 2923 scilieet
1261 2841 1366 2953 quod
1382 2842 1447 2921 hie
1462 2864 1548 2936 oon¹
1557 2835 1755 2918 admittan·
1778 2826 1822 2885 ’τ’
1836 2799 1997 2971 pipafr-

445 2968 511 3031 tur
526 2946 593 3031 nist
606 2971 706 3032 certa
723 2954 773 3060 (p.
785 2958 872 3058 562.
881 2958 970 3061 567.
980 2959 1079 3069 seqq,
1087 2960 1123 3065 )‚
1132 2956 1185 3037 ibi
1192 2984 1285 3038 vero
1301 2962 1413 3038 etiam
1430 2957 1594 3063 precaria
1609 2954 1757 3034 suman·
1780 2921 1861 2972 “²²²⁰
1894 2901 1993 2993 ψη·

444 3084 512 3151 tut
526 3064 578 3173 (p.
588 3077 675 3173 843.
686 3069 720 3172 ),
734 3068 905 3180 adeoque
915 3076 1053 3153 incerta
1062 3074 1114 3181 (b.
1122 3074 1214 3177 569.
1222 3074 1312 3178 564.
1323 3074 1365 3179 >3
1380 3074 1509 3153 oollam
1519 3066 1758 3175 [irnesaoerest

441 3178 598 3284 dubium,
613 3192 701 3292 quia
717 3188 833 3267 eadam
847 3188 1047 3289 diffitentia
1059 3214 1157 3271 anter
1168 3192 1399 3297 impugnandi
1414 3181 1687 3290 diversotmodor
1703 3190 1759 3263 itr-

442 3292 615 3393 tercedat,
632 3327 709 3408 que
728 3309 823 3383 inter
838 3308 954 3385 modos
968 3306 1153 3407 rafirtandi
1167 3307 1323 3412 divatssrs
1338 3301 1479 3383 obtinet.

551 3412 647 3486 idem
662 3413 768 3495 liquet
785 3444 801 3488 a
819 3415 1016 3516 posteriori,
1040 3418 1063 3489 fi
1080 3418 1199 3491 modos
1217 3420 1256 3491 ad
1273 3442 1411 3491 examen
1434 3431 1593 3484 revocare
1610 3408 1759 3494 libuerit,

498 3511 622 3613 quibus
631 3514 677 3589 ust
687 3511 762 3591 sunt
771 3543 900 3595 autores
908 3508 1498 3620 aliorumdogmata,velhypotheses
1508 3517 1757 3614 impugnantes.

1009 3683 1041 3791 §.
1090 3686 1203 3769 1026.

566 3828 633 3915 Est
651 3833 774 3940 itaque
791 3829 1010 3941 impugnatio
1025 3832 1094 3915 alia
1109 3836 1260 3936 diretta,
1290 3826 1364 3911 five
1377 3828 1557 3938 ,ostendum
1575 3853 1656 3937 quat
1674 3827 1761 3907 niti·
1785 3832 1999 3933 impugnatio

444 3972 509 4035 tut
523 3949 749 4061 probatione
765 3943 928 4050 duodo,
945 3967 1028 4030 utut
1043 3954 1084 4031 in
1100 3949 1330 4049 sufficiente,
1354 3972 1395 4025 ea
1414 3944 1573 4045 stilico,
1589 3968 1671 4052 qne
1687 3943 1758 4024 ser-
1784 3942 1836 4055 aas
1851 3938 1997 4032 diffarea-

442 4086 508 4153 vat
535 4062 702 4148 formam
725 4062 1054 4147 demonstrationis
1077 4060 1236 4145 diretta.
1289 4060 1433 4142 Contra
1458 4068 1678 4167 impugnatio
1702 4066 1760 4141 ia·
1781 4056 1841 4107 ’Μ’

445 4188 600 4283 diretta,
616 4180 689 4265 stve
712 4187 900 4295 apogogira
923 4181 995 4279 est,
1013 4209 1093 4291 qua,
1110 4183 1244 4261 nititur
1265 4175 1489 4286 probatione
1511 4174 1756 4258 ini'ufficiente

446 4296 648 4399 indiredta,
664 4324 705 4377 ea
721 4294 879 4396 seilicet,
899 4324 979 4406 qua
996 4294 1164 4379 ¹formam
1183 4294 1512 4378 demonstrationis
1535 4296 1753 4399 apogogicae

441 4416 573 4499 servat.
632 4411 747 4496 Unde
764 4411 918 4495 ulterius
936 4410 1174 4521 intelligitur,
1202 4410 1355 4524 quando
1371 4416 1590 4520 impugnatio
1604 4439 1627 4486 a
1634 4414 1758 4517 priori

444 4532 532 4637 fiat,
562 4530 714 4642 quando
728 4562 752 4611 a
762 4530 945 4647 posteriori
961 4533 1001 4612 in
1016 4550 1180 4643 utroque
1196 4528 1280 4611 casu
1294 4528 1347 4635 (§.
1357 4550 1463 4635 1024.
1473 4532 1505 4636 ).
1519 4588 1521 4593 -

500 4716 622 4815 (Wolfii
643 4674 771 4816 Logica)
1124 4721 1210 4791 Ata
1221 4739 1266 4788 aa
1612 4670 1757 4809 §10b70
