4834 5634
972 629 1513 717 funera-Tro·

504 878 508 893 ·
579 916 614 977 „
623 842 851 984 legendis:
887 831 1382 980 nntagonistas,1icet
1412 832 1713 939 auxiliaribus
1742 816 1900 971 eopiis

580 1006 849 1147 „suiiuitns
873 1038 980 1115 non
1007 1004 1278 1114 staturosin
1304 1010 1433 1115 aciet
1450 1022 1534 1107 me
1554 1026 1739 1109 tacente
1757 1005 1896 1139 loqui

578 1170 964 1311 {strupra-mea„
1030 1172 1155 1282 Haec
1167 1172 1316 1311 igitur
1334 1170 1573 1276 omnibus
1590 1160 1776 1289 offero,
1810 1174 1895 1314 qui

580 1347 643 1446 de
675 1348 923 1485 dogmatis
936 1346 1057 1449 meis
1073 1341 1129 1445 δε
1150 1346 1317 1443 eadem
1350 1339 1597 1453 tradendi,
1633 1369 1728 1471 qua
1766 1370 1898 1456 utor,

580 1511 772 1644 ratione
788 1498 912 1613 'certa
927 1536 1085 1612 tenere
1099 1502 1306 1643 gestiunt
1320 1498 1345 1616 τ’
1370 1532 1529 1635 neque
1551 1502 1682 1605 uiius
1699 1492 1897 1608 ¹dubito

580 1662 713 1798 fore,
730 1701 786 1775 ut
806 1668 905 1775 fine
920 1673 1014 1776 ulia
1030 1660 1607 1806 difficultateagnoscam,
1640 1674 1778 1819 quud
1803 1704 1895 1774 nu-

580 1836 787 1964 perrime
799 1838 852 1940 in
872 1838 1070 1969 privatis
1084 1838 1150 1939 ad
1165 1864 1250 1938 me
1270 1834 1414 1938 literis
1437 1828 1672 1937 confessus
1696 1830 1761 1937 est
1778 1868 1893 1967 prae·

581 1996 947 2131 ciarusquidam
965 1990 1311 2129 philostrphus,
1379 2068 1416 2122 ‚‚
1426 1997 1490 2096 ita
1516 2000 1682 2129 inique
1695 2030 1893 2102 mecum

409 2228 412 2233 .
580 2158 763 2295 „agere
778 2155 1074 2276 adversarios,
1099 2188 1156 2261 ut
1170 2159 1246 2263 vix
1272 2156 1479 2259 crederet
1509 2164 1805 2292 quisquam,
1840 2166 1893 2265 ni

578 2350 693 2451 „ex
719 2316 1315 2451 conationeutr'orumquei
1338 2352 1550 2453 operum
1565 2308 1630 2428 de·
1641 2330 1894 2462 iniquitate

580 2482 902 2614 „constarerz
943 2516 1171 2619 oportere
1203 2472 1484 2593 Germanos
1507 2489 1645 2595 nuiio
1687 2505 1894 2635 negotio

582 2648 899 2777 ‚,oceuecari‚
929 2647 964 2755 sr
987 2654 1117 2784 apud
1145 2679 1232 2751 eos
1265 2648 1462 2778 pondus
1488 2653 1686 2787 aliquod
1722 2668 1894 2775 habeat

581 2806 993 2937 „adversariorum
1011 2845 1243 2921 meorum
1260 2806 1425 2932 fiden„
1495 2816 1652 2939 Arati
1688 2824 1803 2937 saiva
1820 2865 1891 2937 res

580 2974 649 3083 est
688 3020 702 3081 ε
768 3013 878 3083 non
908 2985 1034 3086 adeo
1078 2978 1260 3085 hebetis
1298 2984 1479 3121 ingenii
1514 2978 1624 3107 sunt
1657 2986 1889 3103 Germani

580 3172 775 3273 omnes,
791 3176 847 3249 ut
868 3178 976 3249 non
996 3146 1219 3277 videant,
1255 3152 1373 3292 quid
1392 3148 1670 3265 distentam
1690 3161 1892 3297 lupinis,

580 3340 718 3413 neca
734 3308 878 3412 bonis
904 3310 1125 3415 moribus
1141 3314 1267 3417 adeo
1295 3321 1498 3450 remoti,
1537 3350 1593 3427 ut
1611 3328 1890 3439 docuinam

581 3458 780 3576 solidam
799 3470 854 3577 ric
873 3480 1033 3613 generi
1049 3477 1272 3581 humano
1307 3480 1476 3586 utilem
1501 3490 1779 3619 opprimere
1806 3530 1890 3602 co·

579 3658 772 3746 nentur.
838 3636 968 3789 Quae
991 3638 1290 3749 Germanico
1324 3644 1558 3757 idiomate
1583 3657 1644 3755 de
1681 3659 1892 3789 philoso-

579 3796 692 3927 phia
708 3829 1070 3911 commentatus
1083 3798 1199 3929 ium,
1213 3838 1319 3915 non
1336 3802 1435 3918 fine
1446 3811 1674 3949 applausu
1684 3851 1891 3962 excepta

578 3952 712 4079 sunt,
745 3966 809 4069 ita
825 3995 880 4074 ut
900 3973 1023 4075 intra
1058 4004 1331 4107 paucorum
1350 4012 1597 4087 annorum
1626 4017 1888 4101 numerum

577 4124 1011 4261 iteratiraiiquoties
1027 4139 1319 4245 editionibus
1328 4140 1467 4249 fuerit
1483 4174 1627 4281 opus.
1684 4146 1887 4295 ,Logicae

576 4282 684 4397 iane
702 4288 1003 4409 Germanicae
1025 4297 1166 4412 solius
1185 4308 1307 4415 ultra
1322 4312 1606 4447 exemplaria
1633 4316 1758 4423 osto
1779 4326 1889 4427 mii-

1828 4484 1890 4587 lia
