4834 5634
947 990 1416 1105 runrnrro

511 1218 694 1323 bandas
726 1224 780 1323 in
804 1224 1023 1327 medium
1057 1214 1353 1339 afferuntur,
1389 1206 1484 1321 aiio
1520 1210 1712 1350 itidem,
1745 1254 1852 1355 quae

514 1378 845 1487 illustrationis
865 1388 1010 1519 gratia
1028 1368 1209 1523 adjeeia
1238 1386 1372 1514 sunt,
1401 1414 1509 1501 turn
1532 1416 1583 1487 ut
1609 1388 1753 1489 iterio
1773 1417 1852 1490 to·

518 1551 614 1649 tius
627 1553 790 1677 operis
819 1541 1008 1649 faciiior
1038 1552 1230 1661 eradat,
1257 1578 1367 1652 tum
1400 1578 1455 1651 ut
1472 1546 1650 1680 absque
1687 1546 1854 1657 iabore'
1988 1528 1991 1537 ¹

525 1709 756 1840 constet,
803 1740 1033 1838 quaenam
1069 1708 1118 1811 in
1164 1705 1383 1813 sur'urunr
1428 1706 1566 1813 usum
1601 1717 1854 1817 memoriae

529 1868 862 1979 demandanda
877 1864 986 1985 sint.
1054 1868 1119 1975 Er
1128 1856 1208 2001 „st
1228 1876 1332 2007 quis
1363 1878 1413 1979 in
1442 1870 1692 2007 posterum
1713 1866 1855 1983 fuerit
1932 1926 1935 1943 ·

539 2044 663 2141 adeo
686 2034 912 2171 pererrem
941 2030 1155 2166 frondi,
1180 2066 1236 2141 ut
1263 2044 1514 2144 materiam
1536 2039 1853 2147 'convitiandi

552 2196 821 2331 quaesrturus
853 2205 975 2305 mihi
1006 2206 1247 2345 imputare
1283 2238 1390 2308 non
1431 2201 1670 2310 erubeseat
1698 2228 1720 2333 ‚'
1745 2238 1858 2338 quae

544 2356 692 2469 sunta
711 2390 996 2500 mentemea
1011 2367 1227 2494 alienans
1250 2361 1589 2498 proposrtione
1604 2397 1712 2468 mea
1735 2398 1859 2471 evo·

539 2524 644 2633 luta
663 2530 962 2635 inruborem
979 2526 1393 2661 dabitur‚necaira
1415 2560 1546 2661 opus
1574 2534 1660 2635 erit
1693 2532 1865 2641 aduro

537 2690 610 2800 sus
628 2696 896 2800 uerborum
922 2689 1216 2800 detotsronts
1233 2726 1289 2797 ac
1305 2700 1657 2830 imputationes
1671 2699 1863 2827 iniquas

539 2858 832 2971 refenfione.
898 2856 1091 2996 Logicae
1125 2862 1360 2965 theoriam
1372 2939 1394 2990 7
1426 2896 1575 2995 quam
1601 2866 1709 2964 dedi
1717 2890 1864 2991 ,pra-

537 3036 585 3139 xi
606 3026 992 3135 Georrretrarurn
1031 3028 1245 3161 rigorem
1281 3024 1644 3165 demonstrandi
1677 3020 1863 3130 servan·

540 3204 670 3305 tium
706 3182 1082 3303 consentaneam
1116 3192 1445 3323 deprehendi,
1515 3189 1868 3297 &rationibus
1992 3326 1995 3333 .

541 3364 770 3497 patrima
788 3384 959 3454 natura
987 3359 1420 3483 men-tisprrrima
1442 3360 1655 3461 notione
1669 3356 1790 3459 entis
1812 3354 1874 3453 irr-

551 3532 722 3645 generc
745 3498 980 3601 haetenus
1003 3526 1112 3599 non-
1133 3492 1240 3599 ntis
1256 3498 1460 3627 expensa
1483 3503 1701 3605 derivatis
1729 3526 1872 3599 com·

550 3665 772 3792 munivi,
802 3690 946 3790 atque
972 3663 1022 3761 in
1058 3653 1259 3762 discursu
1285 3663 1627 3792 praeliminari,
1670 3692 1785 3764 cum
1810 3661 1874 3759 de

554 3837 799 3945 methodo
834 3824 1165 3962 philosophica
1207 3861 1447 3961 agerem,
1487 3833 1681 3933 abunde
1729 3827 1875 3954 evici,

556 4006 752 4125 nonnisr
784 4012 874 4111 hac
898 4013 973 4113 via
1011 4014 1071 4111 ad
1111 4037 1292 4112 certam
1330 4039 1488 4112 rerum
1537 4008 1876 4145 cognitionem

560 4191 796 4329 perveniri
820 4178 966 4317 poffe.
1075 4183 1131 4287 in
1159 4186 1289 4314 praxi
1308 4180 1499 4319 Logicae
1541 4176 1876 4315 amplificanda

558 4338 746 4449 multus
777 4325 848 4431 fui
864 4404 879 4446 ,
895 4359 949 4431 ut
961 4328 1157 4431 theoria
1176 4329 1432 4431 utilitatem
1451 4328 1561 4427 inde
1580 4321 1879 4457 perspiciant,

557 4520 643 4657 qui
674 4517 737 4623 ad
774 4514 873 4616 hoe
897 4508 1112 4617 studium
1146 4510 1371 4613 animum
1408 4503 1654 4638 appellunt
1674 4579 1696 4632 ,.
1734 4528 1881 4632 arque

1772 4676 1884 4749 eam
