4834 5634
1512 874 1679 983 De
1714 866 1979 977 modo
2010 871 2257 1025 alios
2280 864 2810 1000 rffutandt‘.
3247 906 3476 1027 745

862 1128 1089 1223 gam?
1116 1105 1239 1215 (§·
1274 1103 1446 1209 556.
1466 1100 1534 1208 )·
1652 1088 1871 1205 Ergo
1916 1098 2129 1181 idem
2180 1100 2444 1211 utique
2475 1102 2558 1179 in
2607 1095 3064 1185 refittatione'
3109 1106 3472 1197 indirestg

854 1261 1030 1347 fieri
1064 1250 1307 1337 debet.

1074 1374 1247 1441 Sane
1278 1386 1519 1439 omnes
1546 1354 2155 1433 demonstrationes
2188 1384 2313 1459 per
2349 1357 2755 1435 indirectum
2784 1418 2802 1451 ,
2835 1390 3124 1461 quarum
3152 1371 3467 1468 complu·

956 1498 1071 1547 res
1105 1474 1179 1545 in
1214 1460 1507 1541 Mathefi
1534 1481 1945 1549 occurrunt,
1978 1454 2129 1533 sunt
2164 1460 2452 1533 totidem
2481 1464 2794 1563 exempla
2834 1464 3264 1557 refutationis
3295 1476 3464 1549 indi-

953 1572 1149 1647 restae
1180 1565 1295 1645 seu
1327 1565 2004 1669 apogogicaezetenim
2030 1554 2568 1661 propositionem
2599 1590 2724 1662 per
2754 1567 3154 1643 indirestum
3181 1572 3463 1651 demon·

960 1676 1167 1751 strare
1200 1672 1382 1745 idem
1415 1660 1691 1767 prorsus
1734 1660 1827 1737 est
1864 1689 1941 1735 ac
1976 1660 2514 1760 propofitionem
2561 1672 2964 1742 contrariam
3002 1676 3119 1757 ei,
3169 1700 3312 1770 quae
3350 1677 3461 1751 de-

968 1772 1325 1853 monstrari
1350 1768 1587 1852 debet,
1618 1760 1948 1837 refutare.
2002 1760 2200 1857 Egr.
2242 1770 2417 1837 Cum
2453 1769 2523 1837 in
2555 1760 3463 1873 fi1peri‹*rl·bus(not.§.553.)

966 1876 1263 1977 exempli
1290 1874 1441 1947 loco
1472 1894 1599 1968 per
1632 1862 2041 1939 indire'stum
2074 1863 2716 1953 demonstravinmS,
2736 1871 2892 1944 c'tcos
2920 1878 3178 1946 circulos
3179 1876 3259 1974 st
3283 1886 3461 1957 intus·

962 1999 1293 2079 tangentes
1324 2001 1449 2049 mn
1478 1968 1703 2045 habero
1734 1968 1905 2039 idem
1930 1987 2406 2051 cantv-tamnen
2447 1968 2628 2043 ahud
2658 1995 2937 2063 egmnus,
2960 2000 3158 2070 quam
3193 2000 3269 2048 ut
3295 2005 3458 2054 con.

962 2084 1243 2155 trariam
1262 2134 1285 2163 ‚
1313 2072 1503 2173 quod
1530 2070 1807 2143 habeant
1832 2066 2005 2139 idem
2034 2088 2357 2151 centrum,
2390 2067 2862 2145 refutaremus.
2961 2077 3279 2151 Similiter
3294 2106 3456 2155 cum

956 2183 1077 2279 (§.
1112 2184 1305 2276 368.)
1344 2201 1465 2273 per
1502 2166 1910 2245 indireEium
1946 2166 2562 2241 demonstraremus
2596 2228 2613 2257 ,
2643 2176 2718 2263 st
2737 2181 2811 2245 in
2833 2184 3056 2274 prima
3079 2180 3295 2276 figura
3320 2206 3456 2253 con·

954 2288 1139 2371 clusio
1152 2286 1249 2375 stt
1278 2274 1658 2371 universtzlis
1673 2330 1689 2359 ,
1722 2290 2061 2371 utramque
2084 2278 2283 2341 ctiam
2300 2273 2686 2373 praemzffizm
2712 2276 3124 2368 mzivcrsalem
3149 2280 3264 2375 ff
3281 2280 3454 2358 ἀὼς-

956 2413 1067 2469 re,
1102 2408 1245 2454 non
1279 2378 1459 2450 aliud
1489 2380 1779 2470 egimus,
1810 2396 2011 2467 quam
2056 2392 2128 2440 ut
2158 2370 2321 2441 duas
2351 2370 2848 2470 propositiones
2880 2382 3242 2453 contrarias
3269 2378 3458 2457 refu·

956 2507 1257 2559 taremus
1276 2538 1313 2571 „
1340 2483 1664 2552 nimirum
1710 2497 1763 2545 ι.
1809 2472 1991 2568 quod
2019 2480 2095 2543 in
2113 2480 2333 2575 pm‘ma
2358 2472 2575 2573 figura
2596 2530 2610 2559 ‚
2622 2476 2698 2568 fi
2712 2480 2994 2571 conclusio
3009 2482 3108 2575 fit
3129 2483 3456 2579 mtiversa-

958 2590 1043 2660 Iis
1059 2643 1082 2673 ‚
1112 2590 1325 2680 nzajor
1334 2584 1429 2675 fit
1450 2577 1878 2683 particularis
1893 2630 1916 2659 ,
1947 2573 2013 2645 δι
2046 2594 2104 2647 2.
2138 2574 2311 2676 quod
2324 2577 2532 2667 stante
2559 2576 2776 2649 eadem
2803 2580 3118 2681 hypothesi
3141 2587 3456 2679 minorfit

947 2688 1396 2794 particularis.
1498 2682 1839 2779 Qoniam
1881 2682 2107 2771 itaque
2172 2701 2405 2749 rerum
2457 2672 2907 2775 prasticarut'n
2945 2684 3264 2757 notiones
3313 2681 3456 2785 ipsa

964 2792 1158 2889 praxi
1189 2788 1500 2861 omnium
1535 2784 1793 2877 optime
1828 2776 2023 2849 nobis
2054 2802 2532 2873 comparamus
2567 2782 2684 2866 (ξ.
2701 2786 2901 2877 930.)
2925 2807 2942 2867 3
2969 2787 3324 2860 notionem
3350 2812 3456 2861 re·

976 2886 1325 2963 futationis
1355 2880 1696 2956 indireElae
1730 2878 2165 2977 acquisiturus
2188 2875 2790 2953 demonstrationes
2807 2906 2931 2979 per
2957 2884 3359 2961 indirestum
3379 2887 3456 2963 fi-

968 2991 1045 3065 bi
1079 2986 1436 3062 familiares
1468 2982 1749 3056 reddere
1784 2979 1997 3053 debet.
2098 2977 2561 3075 Qamobrem
2595 2982 2660 3055 ὅ(
2700 3008 2822 3054 nos
2852 3010 3007 3057 cum
3033 2989 3108 3059 in
3125 2985 3412 3061 Matheli
3432 3047 3456 3081 ,

968 3114 1121 3163 tum
1150 3095 1224 3163 in
1254 3081 1685 3189 philosophia
1734 3083 1895 3154 huic
1937 3078 2587 3155 demonstrationum
2623 3088 2854 3175 generi
2891 3084 3117 3161 locum
3151 3090 3457 3163 concedi-

962 3216 1155 3279 mus,
1188 3190 1301 3263 etsi
1340 3214 1483 3261 non
1512 3186 1719 3261 desint
1744 3242 1763 3273 ,
1802 3188 1921 3282 qui
1952 3178 2632 3256 demonstrationibus
2666 3180 3002 3259 ostensivis
3031 3196 3244 3287 magis
3279 3190 3458 3267 dele·

970 3292 1139 3369 stati
1170 3318 1279 3365 eas
1315 3284 1587 3389 prorsus
1618 3288 2044 3360 exterminari
2088 3305 2346 3381 optant.
2451 3285 3047 3384 Quemadmodum
3080 3317 3245 3365 vero
3295 3296 3457 3368 artie

970 3392 1467 3471 demonstrandi
1501 3410 1747 3487 parum
1780 3388 1981 3487 periti
2016 3385 2275 3457 nullam
2294 3380 2720 3458 refutationis
2751 3388 3082 3463 ostenfivae
3099 3396 3459 3467 notionem

966 3498 1221 3573 habent
1252 3492 1369 3566 nifi
1404 3484 1748 3564 confusam
1770 3548 1786 3576 ,
1820 3511 2105 3581 eamque
2132 3482 2616 3581 incompleta-m
2657 3514 2676 3573 ;
2728 3491 2814 3557 ita
2846 3489 3150 3563 {imiliter
3178 3497 3461 3573 notione

967 3594 1269 3673 distinsta
1303 3593 1635 3690 completa
1672 3586 2099 3661 refutationis
2132 3582 2472 3659 indii-estat
2493 3585 2965 3661 destituuntur.
3021 3594 3197 3663 Cum
3231 3618 3463 3674 tamen

962 3694 1295 3776 indireste
1329 3695 1494 3767 alios
1533 3698 1934 3789 impugnare
1968 3685 2242 3774 malint,
2275 3712 2482 3783 quam
2515 3686 2802 3777 dircae3
2833 3692 3042 3785 vulgo
3073 3696 3144 3763 in
3179 3694 3321 3769 aliis
3339 3699 3466 3773 im·

962 3796 1350 3905 pugnandis
1381 3796 1551 3868 male
1576 3789 1922 3866 versantur
1956 3813 2152 3885 arque
2188 3787 2514 3861 indiresta
2543 3786 2952 3866 refutatione
2987 3818 3124 3867 non
3159 3821 3301 3869 uno
3317 3823 3464 3875 mo·

964 3906 1060 3976 do
1087 3902 1459 3975 abutuntur
1494 3927 1509 3967 :
1560 3920 1635 3967 ut
1684 3896 1856 3969 adeo
1895 3890 2281 3966 consultum
2336 3890 2731 3967 indit-estam
2763 3896 3353 3996 impugnationem
3393 3928 3474 3983 a·

956 4002 1443 4087 refutationem
1480 3994 1781 4097 spuriam
1814 4022 1847 4067 a
1880 3996 2181 4091 genuina
2216 3990 2647 4091 distinguere.

1992 4135 2343 4241 §.1040.

1076 4294 1157 4377 Si
1204 4294 1367 4405 quis
1414 4284 1723 4367 alterius
1750 4278 2193 4389 fimentiam
2240 4280 2744 4395 conftquentit's
2773 4305 3028 4367 onerat
3053 4346 3079 4389 ,
3123 4282 3282 4368 hoc
3309 4285 3418 4367 est
3445 4348 3470 4389 ‚
3515 4303 3936 4407 Modmrqffi

856 4404 1431 4519 propositiones
1470 4398 1676 4483 falsas
1710 4398 1889 4479 inde
1922 4396 2283 4511 consequi
2314 4397 2678 4499 affirmat,
2703 4426 2878 4508 quae
2916 4398 3324 4506 indefluere
3355 4397 3473 4487 de·
3513 4409 3706 4481 tandi
3711 4432 3835 4511 per
3861 4417 3968 4487 tn.

860 4520 1263 4625 monstrare
1312 4523 1555 4637 nequit
1590 4546 1619 4609 ‚-
1672 4520 1735 4597 is
1764 4510 2053 4596 eandem
2085 4524 2371 4596 mimme
2404 4514 2709 4605 refutat.
2826 4510 3041 4596 Pone
3069 4520 3280 4599 enim
3313 4516 3470 4600 sen·
3515 4510 3836 4585 direetum

862 4640 1189 4721 tentiam
1223 4634 1521 4719 alterius
1552 4628 1645 4713 ab
1678 4628 1963 4713 eodem
1998 4624 2341 4711 refutari:
2374 4627 2690 4709 evidens
2727 4626 2874 4733 est,
2907 4630 3122 4741 quod
3151 4632 3480 4718 demon·
3499 4607 3788 4715 spm'u‘·

871 4752 1061 4837 stret
1080 4816 1105 4857 ,
1136 4780 1235 4835 ex
1264 4774 1353 4833 ea
1380 4750 1744 4860 consequi
1777 4740 2337 4855 propofitiones
2370 4740 2769 4827 manifesto
2801 4740 3009 4835 fallas
3041 4750 3150 4863 (§.
3181 4752 3470 4861 1039.)-

872 4864 1131 4987 Qod
1160 4870 1265 4951 est
1294 4884 1557 4951 contra
1582 4857 2033 4977 hypothelin
2050 4922 2077 4967 ,
2108 4858 2454 4973 adeoque
2489 4858 2936 4979 absurdum.-

950 5028 959 5035 '
1072 5012 1339 5117 §Wofit'
1353 5016 1646 5113 tagus>
2412 5010 2466 5081 s
2487 5006 2528 5085 b
2563 5008 2606 5086 b
2625 5004 2668 5083 b
2701 5004 2746 5083 b
3305 5016 3484 5109 ,1³10-
