4834 5634
517 582 525 590 ,.
666 527 746 637 94
1001 497 1113 634 Cap.
1132 491 1223 603 Vl.
1258 498 1340 605 De
1357 492 1621 605 Libertate

717 721 796 797 dem
805 718 1980 823 repugnantialegitimaconsequentininfernmumillitonuimetho-

719 822 1081 924 dumphilosophicem
1090 820 1518 926 philosophantur‚utcntes
1529 832 1704 926 principiis
1715 829 1911 913 interiisset
1920 830 1979 903 de·

717 924 1015 999 monstrationibus
1025 952 1145 1024 parum
1153 923 1271 999 firmis.
1325 925 1386 999 Ista
1396 931 1729 1027 igiturrepugnantit
1745 952 1784 999 ex
1798 932 1981 1029 principiis

719 1021 872 1125 ipsorum
887 1026 933 1099 est
949 1026 1203 1101 demonstranda
1227 1029 1260 1099 dt
1277 1031 1432 1125 inprimis
1449 1034 1697 1130 principiorum
1720 1027 1927 1105 incertitudo
1944 1056 1982 1105 ac

720 1121 935 1227 paralogismi
944 1128 1337 1237 commonstraridebent.

429 1326 657 1425 paestarttipu·
792 1348 870 1452 Qpi
916 1341 1073 1427 methodo
1093 1230 1624 1462 ptataaplicalltiiofoptanr,
1662 1371 1730 1427 non
1746 1342 1844 1429 dotet
1864 1345 1984 1455 flatui

430 1429 507 1500 blico
535 1448 657 1501 taratra·

430 1556 486 1603 m
660 1457 1010 1584 publicorontrart'a.
1065 1458 1326 1573 Supponimus
1342 1459 1475 1541 statum
1490 1486 1569 1542 non
1587 1462 1750 1541 nimium
1765 1458 1978 1570 degeneras

670 1582 736 1663 sea
753 1575 877 1659 forma
892 1577 1053 1683 genuina
1068 1578 1106 1658 a
1119 1599 1206 1659 tum
1226 1577 1495 1671 demonstratio
1511 1578 1594 1657 fluit
1612 1597 1652 1655 ut
1668 1598 1753 1657 ante
1783 1578 1838 1685 (p.
1855 1576 1971 1687 164.)Ι

670 1687 819 1818 Qodst
835 1719 927 1772 vero
944 1694 1137 1800 contingat
1152 1688 1319 1774 formam
1335 1694 1415 1793 ejus
1437 1686 1508 1772 elle
1523 1714 1696 1801 pravam,
1724 1712 1809 1773 tum
1824 1694 1976 1775 metho-

662 1812 739 1892 dus
755 1805 1019 1916 philosophica
1035 1805 1325 1917 philosophatus
1341 1834 1421 1888 non
1446 1828 1571 1887 tamen
1595 1804 1720 1887 turbas
1736 1828 1858 1913 creat,
1886 1835 1977 1917 pro·

665 1947 791 2035 pterea
807 1922 914 2033 quod
937 1916 1105 2005 formam
1121 1926 1325 2030 genuinam
1341 1942 1486 2003 tantum
1503 1924 1541 2001 in
1554 1946 1691 2029 genere
1710 1924 1845 2027 docet,
1875 1920 1976 2005 nulht

666 2035 916 2149 applicatione
930 2040 970 2119 in
985 2034 1156 2147 singulari
1175 2035 1283 2120 sada.
1349 2036 1454 2119 Cum
1469 2036 1684 2118 veritatibus
1705 2042 1808 2119 enim
1824 2043 1976 2121 univer-

665 2150 800 2237 salibus
817 2181 874 2235 res
890 2154 943 2233 est
956 2152 1205 2262 philosopho,
1222 2154 1381 2233 minime
1397 2172 1628 2233 autemeam
1651 2144 1905 2258 fingularious.
1923 2150 1975 2235 Et

665 2274 850 2381 quoniam
864 2272 903 2346 in
912 2274 1073 2372 genuina
1082 2266 1325 2376 philosophia
1340 2266 1443 2349 civili
1462 2266 1593 2348 ultima
1608 2264 1670 2347 lex
1685 2263 1868 2350 stabilitur
1882 2268 1975 2353 salus

665 2378 956 2494 &tranquillitas
999 2381 1170 2491 publica3
1206 2386 1296 2465 ideo
1313 2382 1500 2463 methodo
1523 2380 1787 2491 philosophica
1803 2382 1976 2493 philoso-

664 2499 802 2609 phatus
825 2522 906 2577 non
920 2498 1117 2581 admittere
1130 2499 1273 2609 potest,
1309 2526 1390 2608 quae
1404 2496 1531 2578 eidem
1546 2518 1754 2605 repugnant
1771 2496 1825 2581 ob
1841 2504 1974 2581 verite·

664 2635 752 2696 tunt
767 2639 932 2718 nexum,
947 2618 1010 2696 cui
1027 2615 1148 2699 studet
1162 2615 1216 2725 (5.
1233 2616 1342 2722 133·)·
1353 2609 1619 2735 Qamobrem
1635 2612 1661 2697 st
1676 2612 1972 2727 agnoscit,quod

668 2730 812 2837 dogma
826 2724 901 2809 line
917 2750 1024 2813 metu
1037 2732 1233 2813 turbarum
1249 2728 1417 2835 evulgati
1440 2754 1519 2809 non
1535 2726 1666 2837 possit,
1709 2726 1804 2811 illud
1827 2728 1972 2815 silentio

600 2934 610 2940 ,
666 2848 826 2954 premit,
856 2862 898 2923 ut
913 2844 1019 2930 statui
1035 2845 1139 2928 civili
1181 2849 1318 2953 pariter
1333 2865 1443 2957 atque
1473 2841 1713 2929 eeclesiastico
1742 2843 1806 2927 sua
1830 2846 1973 2929 constet

658 2956 921 3071 tranquillitas.

764 3071 913 3164 Accedit,
922 3071 1015 3173 quod
1024 3071 1502 3177 philosophicademonslratio
1511 3071 1759 3172 aciemquidem
1768 3076 1971 3173 mentisper

710 3172 867 3271 stringat,
892 3182 974 3249 utin
990 3169 1152 3249 assensum
1160 3179 1412 3277 pertrahamur,
1427 3176 1518 3251 haud
1534 3201 1703 3274 quaquam
1717 3200 1800 3247 vero
1816 3182 1969 3249 animum

708 3301 987 3366 commovemur
1003 3276 1043 3349 ad
1053 3279 1166 3352 turbes
1183 3282 1402 3370 inclinemur,
1419 3276 1604 3378 presertim
1619 3276 1678 3349 ubi
1694 3275 1788 3349 nulla
1803 3274 1842 3349 fit
1858 3278 1899 3351 td
1914 3274 1969 3347 lit·

714 3401 790 3450 tum
804 3371 1001 3478 presentem
1017 3380 1206 3481 applicatio.
1267 3380 1333 3454 Sed
1358 3381 1400 3455 de
1423 3382 1485 3457 hac
1501 3407 1539 3455 re
1558 3383 1595 3451 in
1612 3377 1748 3451 Politiea
1764 3404 1803 3453 ex
1819 3378 1969 3455 instituto

711 3504 862 3576 egemus.

793 3612 797 3617 ·
1235 3595 1264 3687 l.
1309 3582 1394 3667 166.

432 3742 495 3823 cul
508 3731 639 3813 ltlertai
802 3721 844 3805 Si
858 3728 941 3843 qais
981 3719 1142 3808 methodo
1151 3722 1386 3841 pbilofiiplaca
1424 3719 1672 3842 philosophiam
1690 3718 1839 3841 tradere
1854 3714 1975 3829 deleti

427 3844 646 3948 philosiplan·
667 3838 700 3919 lt
714 3828 881 3922 libertate
894 3840 1156 3955 philosophandi
1157 3841 1322 3943 fruatur
1344 3864 1429 3957 opas
1444 3840 1498 3941 aa.
1562 3836 1852 3947 Philosophiam
1867 3842 1974 3923 enim

429 3947 469 4018 dt
485 3943 645 4017 conceden-
666 3951 856 4037 methodo
873 3950 1137 4065 philosophica
1160 3961 1362 4042 traditurus
1385 3961 1424 4036 in
1443 3954 1623 4065 eligendis
1648 3956 1834 4037 sententiis
1855 3952 1972 4036 solius

429 4047 485 4136 ils·
666 4072 830 4152 veritatis
849 4076 1034 4155 rationem
1046 4072 1185 4157 habere
1201 4073 1314 4157 debet
1329 4079 1386 4186 (s.
1406 4076 1522 4179 155),
1552 4073 1633 4177 suo,
1649 4098 1729 4151 non
1744 4066 1970 4175 alienoliaus

664 4187 809 4289 judicio
844 4190 1040 4298 (§.156.)‚
1068 4217 1138 4275 nec
1163 4193 1361 4273 admittere
1389 4191 1512 4299 potest
1538 4188 1584 4269 ab
1612 4185 1693 4271 aliis
1720 4184 1869 4287 tradita,
1898 4178 1972 4269 niti

661 4324 845 4411 quatenus
872 4331 915 4387 ea
943 4334 992 4387 ex
1018 4307 1213 4415 principiis
1242 4306 1316 4389 suis
1352 4304 1651 4390 demonstrantur
1682 4298 1721 4385 dt
1752 4290 1972 4405 intelligun-

660 4434 725 4497 tur
748 4420 930 4530 (§.157.).
996 4418 1049 4503 Ei
1065 4424 1180 4529 igitur
1193 4418 1413 4531 permissum
1437 4420 1508 4505 elle
1539 4418 1650 4503 debet
1679 4416 1897 4501 sententiam
1911 4414 1971 4499 su·

661 4532 904 4642 reipublice
932 4564 1171 4653 proponere,
1214 4560 1336 4625 autur
1358 4537 1643 4653 philosophiam
1673 4534 1791 4622 tradat
1818 4530 1972 4647 prorsus

1892 4672 1974 4735 120ss
