4834 5634
1318 782 1519 1001 '562
1937 776 2235 967 Pa'rt.
2272 857 2405 966 Π.
2465 855 2692 965 Sea.
2729 856 2917 965 m.
2957 859 3354 995 cap.·JJ.

1318 1083 1669 1171 conferre
1702 1106 2047 1197 potuere.
2164 1113 2231 1169 2.
2263 1084 2653 1169 Describat
2689 1089 2918 1165 etiam
2955 1086 3224 1167 statum
3257 1089 3366 1167 rei
3401 1078 3938 1195 literariae‚quo

1321 1224 1669 1309 tempore
1717 1225 2015 1283 autores
2076 1205 2424 1297 vixerunt
2459 1202 2565 1308 (§.
2603 1202 2890 1307 784),
2941 1226 3088 1281 una
3119 1228 3302 1283 cum
3357 1202 3540 1281 statu
3595 1200 3940 1308 ipsorum

1322 1339 1700 1399 autorum.
1721 1346 1784 1424 3.
1857 1315 2199 1399 Sollicite
2250 1335 2560 1397 annotet
2609 1321 2942 1417 inventa,
2979 1342 3140 1426 quae
3191 1312 3690 1398 anterioribus
3743 1320 3942 1397 veri-

1322 1433 1595 1515 tatibus
1632 1438 1907 1543 quovis
1947 1454 2297 1539 tempore
2332 1430 2780 1513 accesserunt
2812 1431 2887 1510 δι
2923 1457 3068 1541 qua
3105 1438 3398 1512 ratione
3429 1435 3580 1533 jam
3613 1452 3788 1511 ante
3827 1436 3940 1511 in-

1322 1568 1542 1628 venta
1584 1548 1893 1629 ulterius*
1933 1544 2210 1627 fuerint
2258 1542 2627 1655 perfec'la,
2689 1566 2772 1629 ut
2811 1544 3039 1627 dubia
3093 1543 3411 1628 abierint
3447 1551 3526 1626 in
3558 1566 3790 1650 certa,
3825 1574 3942 1627 er-

1324 1691 1539 1745 rores
1590 1669 1669 1743 in
1706 1669 2117 1743 veritatem.
2176 1689 2255 1765 4.
2278 1659 2594 1742 Enarrct
2630 1689 2938 1772 quoque
2969 1654 3120 1743 fata
3151 1660 3632 1769 dogmatum,
3667 1660 3788 1743 vel
3811 1690 3941 1743 ve-

1326 1784 1633 1859 ritatum
1698 1806 1957 1861 recens
2008 1784 2483 1857 inventarum
2541 1776 2614 1855 ἃ
2653 1775 2795 1857 fata
2858 1782 3370 1861 inventorum.
3485 1772 3659 1859 Hac
3725 1780 3938 1859 enim

1325 1898 1767 1999 cognitione
1810 1890 2209 1974 instructus
2280 1892 2588 1973 historia
2646 1891 2964 1973 literaria
3013 1911 3263 1975 utetur
3317 1896 3416 1977 ad
3463 1889 3937 2001 locupletan-

1248 2096 1257 2105 ,
1327 2009 1503 2091 dam
1536 2031 1771 2091 artem
1821 2008 2274 2089 inveniendi.

1595 2192 2001 2275 Nimirum
2051 2194 2448 2273 veritatem
2497 2186 2854 2271 latentem
2913 2218 3174 2274 eruere
3223 2220 3382 2275 non
3427 2188 3608 2274 licet
3643 2188 3776 2272 nifi
3841 2220 3938 2275 ex

1328 2306 1493 2389 aliis
1524 2315 1853 2415 cognitis
1886 2311 2177 2418 (§.738.
2202 2312 2262 2414 ).
2374 2302 2461 2385 In
2501 2308 2823 2386 modum
2863 2312 3086 2411 igitur
3105 2308 3774 2419 inquifituruS,quo
3809 2336 3940 2389 ve-

1324 2428 1501 2503 ritas
1538 2422 1779 2534 aliqua
1818 2430 1895 2505 in
1936 2434 2279 2532 apricum
2314 2417 2541 2501 fuerit
2583 2420 2952 2529 pro-lucta
2976 2486 2999 2523 ‚
3034 2422 3242 2503 noss'e
3281 2422 3506 2507 debet
3553 2430 3939 2529 veritates,

1326 2539 1603 2647 quibus
1662 2547 2015 2621 inventor
2076 2538 2246 2619 usus
2307 2542 2383 2614 in
2446 2540 2859 2616 ratiociniis
2919 2538 3063 2617 suis
3124 2560 3474 2650 tanquam
3523 2540 3934 2649 praemiffis.

1330 2648 1628 2772 Qorlss
1662 2661 1886 2761 igitur
1920 2656 2185 2734 statum
2220 2656 2324 2730 rei
2380 2650 2708 2731 literariae
2767 2646 3113 2731 habuerit
3161 2652 3634 2763 perspectum
3669 2718 3696 2757 ,
3751 2682 3936 2765 qua-

1326 2764 1419 2849 lis
1456 2768 1679 2849 fucrit
1702 2770 1837 2851 illo
1857 2794 2235 2875 tempore,
2269 2794 2425 2876 quo
2445 2769 2680 2857 vixit3
2739 2767 2990 2847 eidem
3028 2790 3251 2873 patet,
3283 2796 3620 2879 quaenam
3659 2776 3934 2851 verita-

1326 2904 1438 2965 tes
1478 2882 1614 2963 illo
1649 2907 1992 2993 tempore
2030 2880 2303 2964 fuerint
2337 2886 2655 2987 cognita:
2693 2910 2776 2962 ac
2810 2881 3280 2988 pervulgatae.
3343 2880 3639 3003 rolfi
3673 2884 3938 2967 ulteri-

1325 3027 1416 3080 us
1451 3002 1861 3081 constiterit
1898 3000 2157 3100 locus,
2192 3027 2347 3107 quo
2368 3002 2716 3077 inventor
2749 3002 2980 3096 vixit,
3032 2999 3107 3078 ἃ
3145 3005 3776 3108 quainstitutione
3809 3000 3934 3085 fu-

1327 3118 1469 3194 erit
1505 3112 1697 3213 ulits,
1736 3142 1931 3223 quos
1966 3114 2225 3218 legerit
2264 3111 2497 3192 libros
2535 3142 2558 3202 3
2617 3114 2792 3193 inde
2827 3110 3182 3218 colligere
3218 3115 3460 3221 datur,
3507 3146 3694 3197 num
3729 3123 3934 3199 veri-

1324 3248 1509 3310 tates
1548 3228 1683 3309 illo
1721 3252 2071 3337 tempore
2110 3232 2253 3327 jam
2276 3233 2593 3307 inventa:
2631 3226 2880 3307 cidem
2916 3235 3404 3312 innotuerint.
3525 3229 3931 3342 thuoni-

1326 3370 1453 3424 am
1486 3348 1841 3425 notiones
1880 3368 2101 3455 atque
2138 3346 2411 3445 judicia
2451 3340 3030 3423 fundamentalia
3064 3371 3102 3423 a
3137 3347 3538 3452 posteriori
3573 3349 3930 3428 derivan-

1324 3478 1451 3540 tur
1480 3462 1587 3570 (§.
1616 3462 1802 3567 669.
1828 3460 1902 3540 ὁ(
1942 3461 2129 3571 ¹cqq.
2172 3463 2254 3565 >3
2306 3486 2401 3539 ex
2439 3458 2882 3565 biographia
2916 3463 3328 3542 inventoris
3383 3462 3706 3555 iudicare
3745 3464 3930 3546 lice-

1326 3570 1466 3679 bit,
1497 3604 1833 3687 quaenann
1870 3578 2123 3657 eidem
2155 3603 2194 3655 a
2285 3577 2622 3656 ostetiori
2658 3578 3172 3677 innotuerinss,
3213 3574 3432 3657 Datis
3470 3583 3695 3683 igitur
3727 3587 3930 3661 veri-

1320 3692 1626 3793 tatibus,
1663 3691 1939 3803 quibus
1976 3604 2373 3772 instrudlius
2410 3688 2555 3770 fuit
2590 3684 2802 3792 alter,
2831 3695 2962 3801 qui
3000 3696 3389 3773 veritatem
3425 3692 3758 3804 aliquam
3793 3698 3926 3779 de-

1320 3812 1511 3887 texit
1546 3808 1667 3887 vel
1704 3835 2039 3888 errorem
2057 3807 2526 3897 emen-{avim
2558 3808 3046 3887 artificiorum
3065 3806 3686 3915 heuristicorum‚
3745 3840 3930 3925 qua·

1321 3917 1420 4001 lia
1456 3926 1533 4001 in
1579 3922 2083 4029 superioribus
2117 3920 2219 4029 (§.
2256 3919 2730 4030 669.&1'eqq
2766 3920 2916 4027 δεῇ.
2938 3948 3098 4025 710.
3133 3924 3482 4034 &seqq.)
3539 3926 3928 4035 dedimus,

1322 4058 1483 4118 non
1518 4039 1811 4143 ignarus
1844 4038 1919 4117 ἃ
1955 4043 2031 4116 in
2073 4038 2511 4117 meditando
2550 4037 2872 4117 verlatus
2907 4039 3230 4119 modum
3265 4040 3761 4153 detegct‚quo
3795 4076 3928 4127 ve·

1320 4157 1496 4234 ritas
1536 4152 1768 4233 latens
1799 4148 1943 4233 fuit
1982 4151 2297 4251 detecta,
2331 4150 2576 4261 licque
2595 4150 2714 4230 vel
2748 4156 3304 4236 arsinvenientli
3345 4156 3926 4265 locupletabitur

1317 4274 1542 4351 novis
1577 4266 1881 4375 regulis,
1916 4268 2033 4349 vel
2070 4264 2381 4376 regulae,
2443 4294 2603 4377 qua:
2637 4268 2784 4367 jam
2832 4272 3199 4375 prostant,
3247 4274 3924 4361 confirmabuntur.

1316 4380 1713 4509 Qoniam
1747 4411 1932 4466 vero
1966 4387 2061 4467 ad
2093 4390 2479 4466 veritatem
2512 4387 3035 4466 inveniendam
3069 4414 3224 4469 non
3259 4390 3526 4469 sufficit
3557 4392 3762 4473 nosse
3795 4424 3928 4477 ve-

1310 4504 1589 4605 ritateS‚
1628 4498 1833 4582 unde
1868 4498 1989 4581 illa
2028 4502 2455 4603 deducitur,
2493 4498 2568 4578 Gt
2600 4521 3052 4609 compotem
3073 4504 3216 4585 esse
3251 4510 3424 4587 artis
3447 4510 3918 4617 inveniendi,

1304 4640 1464 4725 qua:
1498 4620 1575 4695 in
1618 4616 1951 4723 praesenti
1983 4612 2570 4719 cas'uffitisfacit,
2628 4642 2901 4697 verum
2941 4642 3292 4725 praeterea
3353 4626 3792 4730 requiritur,
3831 4650 3920 4711 ut

1296 4731 1463 4810 ansa
1499 4736 1883 4813 inventori
1930 4730 2454 4841 suppeditetur
2507 4728 2936 4838 appellendi
2973 4742 3324 4819 animum
3369 4740 3458 4817 acl
3511 4746 3918 4825 veritatem

1292 4844 1929 4955 hivestigandam3
1986 4850 2167 4937 ideo
2200 4844 2490 4935 necefl'e
2523 4846 2655 4953 est,
2689 4870 2773 4931 ut
2819 4870 3084 4959 praeter
3115 4852 3644 4967 biographiam
3679 4860 3916 4967 vbis

3679 4994 3912 5062 etlam
