4834 5634
503 593 512 614 .
619 520 703 652 76⁸
1051 522 1158 658 Cap.
1176 518 1238 627 V.
1255 518 1337 629 De
1345 517 1479 661 stylo

623 747 650 835 sr
667 748 713 831 ab
730 747 810 831 aliis
824 772 905 830 non
921 745 1004 828 sutis
1020 766 1187 829 accurate
1203 743 1517 851 fuerintdefiniti‚
1536 746 1743 829 accuratior
1756 742 1936 829 definitio

613 864 776 949 ’anobis
793 862 1052 946 substituenda.
1665 908 1669 914 -

728 986 776 1053 lia
792 975 948 1079 proferiti
964 981 1053 1050 ratio
1066 972 1122 1065 est,
1137 1000 1198 1047 cur
1208 980 1629 1075 nonterminorinantiqua
1644 970 1859 1076 philosophia
1872 970 1957 1071 uli-5

681 1104 767 1158 tator
781 1086 994 1155 retineamus.
1050 1084 1136 1151 Non
1150 1102 1338 1163 moramur,
1353 1078 1377 1151 fi
1392 1082 1446 1153 vel
1461 1084 1604 1153 maxime
1611 1077 1786 1151 videantur
1795 1075 1943 1167 barbari,

597 1177 600 1182 ’
679 1181 1003 1283 velvietymologiae
1017 1178 1119 1252 rebus
1133 1204 1206 1251 non
1223 1176 1297 1251 latis
1312 1185 1531 1271 conveniant,
1551 1205 1626 1280 quae
1641 1179 1761 1254 iisdem
1779 1177 1945 1255 denotan·
1990 1168 1997 1177 ⁴

682 1308 747 1356 tur.
765 1291 819 1355 De
834 1285 936 1359 rebus
951 1305 1114 1355 erearum
1123 1282 1320 1355 notionibus
1330 1286 1583 1366 ratiocinamur,
1594 1283 1947 1355 nonexterminorum

684 1386 890 1461 derivatione
907 1386 1130 1479 grammatica.
1144 1388 1222 1453 Nec
1238 1387 1274 1453 in
1286 1380 1500 1483 philosophia
1515 1381 1700 1458 verborum
1709 1374 1947 1478 elegantius&

683 1486 871 1570 veritasell,
881 1512 954 1583 quae
964 1481 1115 1557 deleEiat.
1132 1484 1296 1582 Exemplo
1311 1484 1408 1557 nobis
1423 1482 1713 1573 suntAllronomi,
1725 1490 1786 1583 qui
1799 1486 1944 1559 retinue-

685 1612 767 1661 runt
781 1592 947 1662 terminos
962 1610 1001 1659 er
1016 1588 1166 1659 erroneis
1181 1586 1399 1685 opinionibus
1413 1612 1540 1663 enatos.
1596 1583 1791 1661 liliurmodi
1806 1588 1941 1661 nomina

653 1770 656 1776 ,
686 1685 765 1763 sunt
779 1686 954 1761 affixarum
967 1688 1219 1787 &planetarum
1236 1686 1300 1761 five
1316 1685 1485 1766 stellarum
1498 1688 1736 1763 erratiearum:
1776 1684 1946 1791 uaeappel·

688 1791 831 1865 lotiones
847 1787 950 1863 dubio
968 1788 1091 1886 procul
1108 1786 1187 1861 inde
1203 1812 1323 1879 enarre,
1346 1792 1439 1889 quod
1454 1794 1613 1890 primitus
1634 1786 1733 1863 stelle
1746 1714 1949 1865 inormit-

690 1891 814 1965 bantur
827 1890 909 1965 eaelo
925 1886 1033 1965 solido
1047 1889 1138 1989 quali
1160 1886 1277 1980 affixa,
1303 1890 1445 1992 planetae
1461 1918 1543 1965 vero
1564 1896 1690 1965 incerta
1705 1890 1782 1985 lege
1802 1916 1866 1993 per
1889 1916 1951 1965 ore·

692 1996 767 2068 lum
776 1996 856 2069 hinc
865 1991 1060 2085 indevagari
1069 1990 1288 2089 putabantur.
1299 1999 1567 2097 lmmchplerru
1576 1997 1611 2066 in
1620 1988 1773 2065 novasua
1788 1991 1953 2070 Astrono·

691 2098 759 2171 mia
774 2098 937 2169 terminos
952 2116 1106 2169 veterum
1123 2092 1411 2167 Astronomorum
1430 2100 1582 2179 retinuit,
1593 2089 1649 2165 etfi
1662 2120 1734 2169 non
1752 2096 1844 2171 idem
1857 2121 1957 2197 pror·

693 2195 747 2273 ius
764 2194 951 2271 eorundem
966 2200 1103 2268 retineri
1118 2199 1270 2293 potuerit
1285 2194 1503 2287 significatur,
1527 2191 1583 2272 sed
1599 2192 1758 2296 tantisper
1773 2202 1956 2273 immutan-

695 2300 761 2370 dus
774 2293 895 2381 fuerit,
922 2322 999 2370 eum
1014 2300 1119 2370 resin
1134 2295 1274 2368 theoriis
1291 2320 1442 2371 veterum
1464 2324 1526 2399 per
1543 2324 1598 2372 ear
1621 2294 1787 2372 denotata·
1801 2302 1839 2373 in
1857 2304 1958 2377 novit

653 2409 662 2427 ⁶
695 2401 836 2473 theoriis
851 2400 980 2497 Keplerr'
992 2423 1062 2470 non
1076 2391 1215 2496 prorsus
1233 2398 1353 2471 eodem
1370 2398 1474 2472 modo
1489 2401 1603 2474 locum
1619 2396 1775 2475 habeant.
1785 2406 1959 2477 Novato·

697 2524 767 2573 tem
783 2496 981 2579 definitione
994 2523 1066 2571 non
1081 2501 1202 2569 variari
1218 2495 1437 2593 fignificatum
1457 2504 1605 2591 termini,
1621 2506 1681 2601 qui
1697 2526 1774 2577 ante
1785 2508 1901 2581 minus
1909 2527 1971 2579 w·

699 2624 812 2676 tutare
829 2594 1158 2687 fueratdefinitunex
1167 2594 1265 2699 supra
1274 2606 1349 2693 (not.
1360 2612 1486 2700 §.142.)
1497 2600 1593 2677 distis
1601 2604 1812 2699 intelligitur.
1864 2606 1957 2692 Mul:

701 2725 738 2775 to
752 2705 866 2775 minus
881 2723 993 2773 autem
1008 2696 1199 2789 ferendum,
1217 2699 1240 2775 st
1256 2706 1314 2801 qui
1328 2732 1437 2779 novos
1453 2712 1617 2783 terminos
1633 2706 1966 2800 comminiscuntur,

704 2801 826 2901 quibus
844 2802 885 2875 ab
895 2802 967 2873 aliis
983 2798 1068 2874 distr
1084 2803 1273 2887 involvunt,
1289 2830 1324 2877 vt
1340 2834 1426 2881 nova
1449 2808 1626 2901 invenille,
1655 2812 1709 2887 vel
1727 2810 1768 2885 ab
1795 2816 1867 2892 aliis
1880 2814 1959 2889 beu·

702 2902 755 3077 {lp1
756 2902 1194 3078 οἱπῗρῐὶίοΜιτῑοιερεῐίίῖε
1206 2906 1397 2996 videantur,
1422 2936 1499 2985 eum
1512 2912 1741 2993 ventofit'atem
1758 2947 1831 2997 non
1837 2916 1965 3027 probet

705 3031 729 3106 p
757 3031 862 3103 roop
890 3030 940 3076 us.
1266 3025 1270 3035 ’

700 3243 703 3254 Ι
1234 3154 1265 3239 ς.
1322 3150 1402 3248 ¹48·

429 3275 591 3348 Termino·
792 3280 834 3359 ,li
847 3284 995 3363 termini
1008 3304 1180 3366 mennam
1195 3280 1633 3408 definitioneexplicentnr,
1641 3306 1874 3421 cognitionem
1883 3300 1966 3392 rei*

428 3367 587 3468 rnmtfiu·
659 3388 749 3477 dunt
769 3388 964 3491 distrniiam
988 3400 1034 3477 ἔφ’
1056 3394 1107 3481 nd
1124 3404 1341 3519 progreffltm
1360 3408 1594 3508 strennuum
1621 3428 1804 3541 vitamque
1831 3424 1969 3509 auena

661 3506 706 3591 Si
721 3514 874 3589 termini
891 3532 1058 3591 accurata
1077 3512 1299 3601 definitione
1325 3521 1579 3634 explicentur,
1608 3560 1687 3637 res,
1717 3566 1879 3651 quarum
1896 3540 1973 3629 difa

662 3622 837 3707 ieremias
853 3621 1061 3709 intelleiius
1079 3625 1267 3717 beneficio
1286 3637 1457 3723 dilliniie
1470 3650 1720 3759 percipimus,
1747 3662 1971 3747 nominibus

661 3767 818 3853 quoque
833 3768 854 3822 a
867 3740 903 3821 se
920 3744 1086 3825 invicem
1106 3745 1370 3856 distinguimus
1388 3755 1427 3837 it
1469 3764 1508 3841 in
1533 3762 1596 3847 stu
1619 3794 1754 3873 genera
1768 3798 1812 3855 ac
1826 3774 1974 3883 specim

662 3856 931 3939 distribuimus.
1020 3856 1164 3943 Rerum
1180 3894 1272 3949 vero
1289 3872 1327 3949 in
1345 3869 1407 3953 sua
1422 3902 1557 3980 genera
1582 3880 1621 3963 Gt
1644 3886 1784 3995 species
1801 3914 1973 4007 acciunt!

663 3972 926 4055 distributione
941 3980 1203 4083 cognitionem
1212 3985 1318 4067 reddi
1336 3987 1565 4099 diffinitam,
1590 3998 1742 4087 uberius
1757 4034 1803 4089 ex
1819 4004 1973 4116 Logica

668 4087 818 4200 patebit
878 4084 1002 4175 Porro
1020 4090 1046 4174 fi
1062 4122 1155 4177 resa
1172 4098 1209 4180 se
1226 4104 1390 4183 invicem
1407 4106 1556 4193 diversa
1573 4118 1612 4195 in
1629 4146 1762 4225 genera
1777 4122 1817 4203 ot
1829 4122 1975 4233 species

671 4225 840 4291 accurate
878 4208 1168 4317 distribuantur,
1202 4215 1478 4326 propofitiones
1500 4256 1655 4345 quoque
1694 4264 1867 4327 accurata
1891 4240 2001 4327 for-⁶

672 4348 836 4429 mantur,
853 4328 893 4407 in
909 4325 1046 4437 quibus
1061 4327 1214 4413 cuilibet
1230 4342 1358 4439 generi
1374 4360 1483 4451 atque
1498 4345 1633 4454 speciei
1647 4354 1707 4437 sua
1721 4358 1977 4461 attribuuntur

670 4441 874 4543 pradicuta.
933 4436 1144 4526 Enimvero
1160 4450 1372 4535 istiusmodi
1390 4460 1665 4569 propofitiones
1680 4471 1762 4555 suut
1779 4476 1977 4599 &adproa'

672 4554 1316 4695 peliunscieutiurum‚&ativitatu
1332 4572 1440 4661 utiles
1457 4580 1509 4690 ii.
1530 4596 1636 4697 122).
1661 4586 1850 4701 Cognitio
1868 4608 1979 4713 igitur

1854 4720 1979 4835 pbilo-
