4834 5634
1150 934 1317 1048 De
1336 934 2081 1068 interpretanda
2078 933 2612 1073 striptm··a
2618 935 2944 1067 Jitcra.
3213 967 3426 1083 705

895 1155 1409 1236 monstrationes
1437 1155 1587 1236 istas
1621 1156 1889 1237 nonnisi
1918 1183 2171 1235 nomen
2201 1150 2623 1238 suumfmeri
2653 1189 2866 1267 penes
2914 1188 3068 1253 eos,
3120 1164 3238 1263 qui
3289 1168 3411 1239 im-

898 1281 1087 1338 mota
1116 1258 1245 1335 fide
1274 1284 1507 1337 tenent
1538 1258 2028 1362 pollibilitatem
2061 1268 2421 1337 notionum
2449 1261 2924 1351 affmntorum,
2977 1266 3084 1337 vel
3101 1265 3407 1340 articulo-

893 1388 1053 1437 rum
1082 1362 1238 1437 fidei
1318 1388 1623 1451 urorum,
1656 1366 1773 1463 qui
1804 1386 2119 1459 tanquam
2155 1370 2490 1463 principia
2521 1366 3018 1441 demonstrandi
3039 1371 3274 1466 prima,
3295 1362 3404 1441 seu

886 1469 1213 1539 axiomata
1270 1488 1615 1538 utnuntur.
1723 1463 1981 1565 Quodsi
2012 1468 2161 1563 quis
2198 1461 2329 1538 fide
2359 1464 2475 1539 ista
2504 1466 2890 1557 destitutuS,
2954 1470 3060 1541 vel
3087 1466 3397 1565 probabi-

884 1564 1043 1637 liter
1086 1588 1353 1643 tantum
1384 1566 1679 1639 divinam
1710 1568 1771 1637 S.
1805 1572 1867 1637 S.
1904 1570 2327 1639 autoritatem
2357 1561 2668 1661 agnoscit,
2713 1568 2822 1643 vel
2857 1594 3005 1641 eam
3035 1564 3395 1667 prot-suain

888 1664 1173 1739 dubium
1206 1689 1433 1757 vocat3
1462 1672 1517 1739 is
1548 1663 2148 1741 demonstrationes
2180 1664 2324 1741 istas
2354 1692 2494 1741 non
2544 1666 2662 1740 nisi
2696 1689 3012 1767 tanquam
3056 1670 3154 1767 hy
3207 1669 3393 1744 othe·

887 1770 1047 1842 ticas
1076 1766 1393 1857 admittit,
1438 1792 1567 1867 pro
1600 1770 1773 1841 veris
1805 1768 2141 1841 habendas
2162 1824 2181 1856 ,
2229 1792 2435 1867 quam
2466 1772 2770 1867 primum
2799 1792 2988 1845 certo
3003 1794 3134 1843 con
3193 1774 3392 1860 iterit,

894 1864 1169 1953 affitmta
1196 1864 1323 1943 esse
1356 1891 1557 1941 certa.
1663 1874 1912 1965 Neque
1960 1868 2072 1939 hic
2121 1872 2482 1967 quicquam
2538 1868 2986 1959 affirmamus,
3031 1872 3216 1969 quod
3246 1895 3388 1949 non

889 1968 1170 2069 perinde
1204 1971 1434 2043 locum
1466 1966 1704 2041 habeat
1736 1972 1809 2041 in
1848 1971 2157 2041 humanis
2194 1969 2261 2041 δε
2297 1975 2544 2045 rationi
2573 1969 2807 2045 nostrae
2849 1976 3219 2045 conveniat.
3269 1968 3383 2047 Et·

890 2072 1069 2145 enim
1089 2074 1261 2146 inter
1291 2075 1621 2171 principia
1652 2066 2151 2144 demonstrandi
2183 2066 2541 2145 referimus
2593 2076 3029 2174 experientias
3059 2072 3385 2147 indubita-

879 2189 986 2245 tas
1010 2171 1112 2267 (§.
1144 2177 1376 2267 554),
1428 2196 1577 2271 quae
1603 2171 1885 2272 perinde
1913 2169 2175 2245 nonnisi
2210 2169 2339 2245 fide
2370 2194 2684 2245 tenentur
2717 2174 2798 2247 ab
2831 2178 2940 2263 iia,
2974 2176 3090 2271 qui
3119 2174 3381 2274 ipsimet

876 2296 1025 2345 non
1052 2280 1309 2373 experti
1342 2268 1493 2347 sunt
1528 2331 1546 2363 ,
1604 2274 1789 2371 quod
1830 2294 2140 2370 tanquam
2186 2276 2608 2370 experientiae
2657 2269 3024 2350 consonum
3077 2270 3378 2349 sumitur.

884 2374 1029 2447 Cur
1076 2378 1280 2469 igitur
1333 2400 1475 2449 non
1521 2373 1801 2475 perinde
1835 2377 2009 2445 inter
2049 2398 2128 2447 ea
2159 2370 2416 2447 referre
2469 2373 2825 2463 debemus,
2873 2400 3020 2473 quae
3052 2374 3183 2448 fide
3215 2372 3380 2449 divi·-

879 2499 973 2547 na
1003 2501 1159 2549 vera
1188 2470 1317 2549 else
1396 2498 1704 2549 tenemus
1730 2530 1751 2561 ,
1804 2470 2167 2571 praesertim
2212 2498 2370 2547 cum
2416 2500 2496 2548 ea
2540 2472 2804 2551 firmior
2839 2474 3044 2571 longe
3078 2476 3152 2550 fit
3181 2471 3381 2551 aisen-

874 2569 1023 2665 ὥς,
1070 2601 1271 2673 quam
1305 2576 1643 2649 humana?
1700 2574 1954 2675 Qtodss
1988 2580 2293 2676 excipere
2330 2575 2496 2651 velis
2531 2572 2677 2649 fieri
2726 2574 2908 2675 posse
2941 2633 2958 2665 ,
3011 2602 3087 2650 ut
3119 2576 3378 2679 i'plimet

873 2682 1173 2776 experti,
1220 2702 1367 2774 quae
1446 2700 1764 2773 tanquam
1816 2680 2239 2774 experientiae
2268 2672 2648 2751 conformia
2675 2670 3070 2767 sumuntur,
3129 2700 3384 2753 certam

871 2801 1121 2853 eorum
1150 2778 1568 2853 obtineamus
1598 2780 2051 2870 cognitionem
2078 2798 2106 2871 ξ
2160 2778 2343 2851 haud
2370 2774 2664 2851 difficilis
2689 2784 2818 2851 erit
2843 2774 3216 2877 responfio,
3235 2773 3384 2878 pos-

873 2875 943 2955 se
964 2904 1236 2979 quoque
1252 2902 1499 2953 certam
1516 2881 1873 2953 veritatum
1892 2879 2337 2952 revelatarum
2382 2882 2841 2973 cognitionem
2874 2884 3125 2977 acquiri
3156 2877 3235 2953 ab
3268 2882 3382 2971 iis,

870 2988 952 3055 in
982 2978 1237 3083 quibus
1270 2984 1556 3077 Spiritus
1585 2984 1651 3053 S.
1679 2978 1885 3052 fidem
1914 3001 2263 3077 operatur.
2365 2980 2584 3053 Nulla
2618 2980 2785 3055 adeo
2817 2986 2993 3054 inter
3020 3004 3388 3077 utrumque

872 3075 1101 3158 casum
1117 3076 1463 3180 disparitas
1492 3078 1604 3151 est.
1712 3080 1971 3251 Q‘podfi
2000 3103 2162 3155 vero
2190 3084 2347 3180 quis
2373 3080 2842 3171 contenderet,
2893 3078 2956 3153 se
3001 3076 3384 3165 universum

867 3188 1230 3257 veritatum
1266 3184 1709 3254 revelaturum
1778 3179 2031 3279 ystema
2078 3207 2158 3255 ex
2208 3185 2562 3282 principiis
2594 3188 2876 3257 rationis
2924 3182 3382 3260 demonstrare

871 3289 1082 3371 velle,
1137 3310 1236 3356 ua:
1272 3290 1325 3355 is
1366 3288 1607 3375 nugari
1634 3290 1879 3357 merito
1910 3278 2324 3373 censeretur,
2382 3310 2539 3358 cum
2589 3286 2848 3358 articuli
2897 3288 3099 3381 puri,
3147 3286 3372 3384 quales

866 3380 1027 3461 sunt
1044 3388 1401 3458 Trinitatis
1435 3384 1501 3457 δι
1521 3390 2005 3459 incarnationis
2037 3384 2434 3480 mysterium
2453 3445 2470 3473 ‚
2499 3388 2779 3463 rationis
2814 3382 3136 3484 sphaeram
3167 3409 3371 3461 trans·

868 3488 1183 3563 cendant.

1922 3671 1987 3781 ᾗ.
2080 3684 2247 3781 981.

1089 3817 1433 3929 Apparet
1460 3820 1653 3901 adeo
1672 3879 1695 3917 ,
1713 3812 2147 3925 stripturam
2162 3816 2450 3919 lberam
2475 3825 2992 3927 explicaturum
3025 3852 3160 3905 ποετ
3177 3828 3369 3903 modo
3400 3820 3702 3913 ‚Qaenam
3717 3822 3766 3891 S
3781 3824 3844 3895 S·

769 3953 837 4023 in
868 3944 1174 4020 notiones
1206 3937 1435 4019 verbis
1464 3938 1771 4047 fingam
1816 3964 1909 4019 ex
1954 3945 2339 4018 intentione
2384 3940 2535 4017 Dei
2560 3937 2966 4055 jungendas
3009 3950 3365 4049 inquirere
3397 3932 3845 4042 interpret-atio

769 4052 998 4139 debere
1028 4052 1131 4160 (§.
1166 4076 1341 4159 972.
1376 4052 1451 4133 δι
1485 4052 1767 4163 seqq),
1822 4073 1903 4135 ut
1936 4058 2305 4160 genuinus
2354 4079 2627 4135 eorum
2671 4054 2910 4137 senties
2960 4079 3300 4163 appareat
3333 4120 3358 4159 ,
3387 4025 3581 4095 ἀἶψ’

769 4170 839 4256 sst
871 4168 1055 4252 hinc
1086 4168 1413 4270 constet,
1472 4194 1809 4277 quaenam
1902 4190 2255 4282 tanquam
2306 4192 2478 4249 vera
2526 4169 2848 4253 affirmet
2893 4168 2970 4254 S.
3007 4169 3084 4254 S.
3119 4202 3360 4253 veram

769 4295 977 4378 etiam
1008 4312 1263 4366 nexum
1286 4290 1659 4392 praedicati
1696 4314 1849 4365 cum
1859 4286 2169 4391 staebjceS‘o
2228 4284 2331 4393 (§.
2368 4289 2629 4393 977.)‚
2660 4294 2753 4370 δι’
2769 4296 3154 4369 veritatum
3183 4318 3377 4367 reve-

769 4415 1075 4491 latarum
1107 4402 1393 4505 interst:
1409 4402 1883 4509 pervestigare
1900 4403 2091 4509 post}
2122 4402 2225 4511 (ᾗ.
2260 4427 2446 4509 979.
2481 4401 2558 4485 61
2592 4408 2826 4511 980.)
2850 4468 2874 4508 ,
2909 4423 2996 4485 ut
3027 4430 3163 4513 per
3189 4428 3379 4483 eon-

769 4516 1057 4609 stenfixm
1092 4512 1169 4598 S.
1204 4512 1283 4598 S.
1321 4544 1503 4599 cum
1535 4519 1829 4597 ratione
1863 4517 2117 4629 quoad
2145 4517 2500 4601 articulos
2535 4523 2822 4600 mixtos
2859 4584 2882 4621 ‚
2947 4518 3022 4599 ἀ
3052 4546 3186 4627 per
3220 4544 3378 4598 non

769 4636 1334 4745 repugnantiam
1423 4660 1792 4743 purorum
1863 4662 2044 4717 cum
2108 4634 2543 4717 veritatibus
2615 4633 3070 4717 naturalibus
3115 4634 3371 4717 hostes

769 4752 835 4842 S.
874 4746 953 4834 S.
990 4746 1409 4833 evidentius
1441 4776 1526 4833 ac
1558 4750 1849 4832 firmius
1880 4746 2411 4856 confutentur,
2473 4751 2796 4862 scrupuli
2836 4756 3028 4834 circu
3069 4750 3374 4857 religio·

769 4896 944 4959 nem
984 4861 1297 4947 subinde
1384 4871 1463 4948 in
1512 4870 1784 4951 animis
1830 4864 2247 4950 hominum
2292 4874 2625 4952 orientes
2721 4875 3001 4951 certius
3036 4870 3375 4950 eximan-

769 5014 883 5078 tur
915 4980 996 5065 δι
1029 5008 1129 5062 ex
1162 4973 1396 5089 opere
1439 4982 1935 5069 redemtIOnis
1980 4969 2516 5069 attributorum
2617 4984 3063 5069 divinorum
3110 4985 3383 5067 notitia

965 5094 1221 5191 (Wolfii
1234 5100 1501 5197 Logica)
2076 5094 2165 5181 U
2180 5126 2229 5181 u
2245 5126 2367 5181 uu
3212 5124 3382 5179 eru„
