4834 5634
667 510 775 640 248
1010 487 1210 599 Parui.
1227 484 1445 601 Seulll.
1466 484 1626 629 mul.

723 716 1985 819 figurarumgenus,cuiidnominisconvenit,&huicgemerieonsequenter

725 821 884 895 omnibus
892 824 961 919 ejus
970 818 1139 919 speciebus
1156 818 1461 913 &fingulirharum
1481 820 1659 894 individuis
1683 819 1868 907 tribuitur,
1895 826 1986 925 quod

727 924 870 999 debeant
886 920 993 995 tribus
1008 922 1106 996 lineis
1120 918 1219 995 restis
1234 926 1269 992 iu
1288 920 1393 1018 plano
1409 924 1591 995 terminari.

443 1182 503 1254 cm·
522 1175 665 1268 definitio
821 1162 929 1249 Hinc
942 1168 1057 1272 igitur
1072 1180 1191 1270 patet,
1229 1048 1489 1271 guodffirui
1507 1162 1580 1239 enti
1603 1152 1785 1265 definitum
1808 1163 1994 1275 conperit,

441 1298 601 1379 competat.
681 1289 792 1367 eidem
818 1310 951 1400 quoque
977 1302 1167 1392 competere
1198 1276 1322 1359 debeat
1350 1282 1446 1356 notio
1474 1270 1616 1378 dtfim'w
1643 1304 1682 1359 m
1709 1274 1914 1381 definitione
1939 1300 1994 1359 rr·

677 1396 832 1485 tributa.

776 1509 818 1584 E.
829 1537 878 1605 gr.
889 1509 954 1581 Cui
962 1504 1076 1601 figurae
1092 1530 1218 1579 nomen
1233 1505 1393 1601 trianguli
1407 1483 1566 1575 reriilirzri
1573 1496 1741 1593 tribuitur,
1749 1504 1987 1611 radrmqrroquae

725 1614 781 1708 effe
797 1612 886 1686 debu
895 1613 999 1711 plana
1012 1634 1051 1679 ar
1063 1606 1165 1681 tribus
1178 1606 1376 1679 linrisrellis
1392 1614 1576 1675 terminata.
1586 1600 1653 1673 Etsi
1665 1608 1757 1679 'enim
1773 1606 1988 1699 arbitrarium

726 1715 783 1799 iit,
806 1740 907 1814 quam
925 1712 1071 1783 termino
1088 1708 1220 1785 cuidam
1236 1710 1410 1780 notionem
1425 1703 1603 1778 attribuere
1617 1702 1782 1797 velimur;
1808 1706 1986 1808 postqum

724 1838 838 1887 tamen
854 1814 1071 1887 determinata
1087 1809 1239 1909 quaedam
1256 1811 1351 1881 notio
1366 1811 1397 1880 ei
1412 1804 1570 1879 attributa
1586 1801 1669 1893 fuit,
1680 1800 1986 1889 <necessariarium

724 1940 782 1989 tur
796 1940 900 1989 nexus
915 1917 1002 1985 inter
1016 1916 1201 1985 terminum
1222 1910 1467 1997 dimotionem,
1491 1934 1566 2005 quae
1583 1907 1703 1983 eodem
1729 1910 1931 2001 denotatur,
1944 1914 1986 1985 im

727 2016 812 2107 ut,fi
835 2039 1019 2116 ponamus,
1049 2018 1119 2087 emti
1137 2014 1235 2085 alicui
1260 2014 1438 2084 convenire
1461 2008 1582 2083 debere
1604 2010 1670 2083 hoc
1692 2036 1841 2097 nomen,
1857 2006 1986 2113 emipso

727 2114 826 2190 fimul
841 2141 1026 2216 ponamus,
1052 2114 1145 2213 quod
1161 2112 1272 2187 eidem
1287 2136 1423 2209 quoque
1439 2114 1620 2185 convenire
1635 2110 1836 2203 debeanter,
1846 2129 1984 2212 quarne-

727 2224 776 2291 tio
786 2222 932 2293 termino
951 2214 1107 2289 attributa
1123 2220 1281 2287 continet.
1333 2211 1447 2305 Vulgo
1462 2208 1604 2311 praesens
1620 2206 1808 2311 propofitio
1829 2218 1877 2287 im
1890 2212 1983 2288 effer·

722 2344 795 2393 tur:
822 2328 882 2391 Cui
896 2325 1039 2417 corruperit
1053 2315 1236 2405 difinitum,
1262 2316 1311 2385 illi
1325 2322 1422 2385 etiam
1439 2322 1582 2413 contrait
1595 2314 1748 2403 definitio.
1798 2312 1985 2391 Enimvero

722 2443 795 2492 tum
810 2418 961 2491 definitio
976 2438 1108 2490 tantum
1123 2409 1264 2487 sumitur
1278 2438 1342 2513 pro
1357 2420 1501 2488 termino
1516 2439 1590 2489 com
1618 2414 1702 2502 lero,
1718 2440 1788 2513 quo
1806 2414 1985 2493 denorum

722 2524 818 2594 notio
835 2518 1004 2615 completa
1020 2537 1119 2614 atque
1133 2517 1351 2589 determinata
1366 2513 1505 2589 definito
1520 2441 1747 2604 mignenia,
1772 2542 1853 2593 cum
1867 2522 1915 2593 itt
1929 2516 1981 2595 de·

721 2618 878 2691 finiamus
892 2615 1141 2705 definitionem,
1165 2641 1205 2691 ut
1226 2614 1407 2689 definitum·
1425 2644 1492 2692 una
1506 2616 1815 2716 comprehendatur
1828 2622 1873 2713 (§.
1886 2624 1982 2715 152),

723 2740 822 2819 atque
838 2724 881 2791 ita
889 2746 1025 2817 quoque
1035 2722 1218 2791 terminum
1226 2715 1429 2792 definitionis
1445 2718 1983 2818 accipiamusinproposttionibur

723 2829 756 2911 9.
767 2844 838 2909 214.
849 2844 919 2913 252.
935 2825 1050 2917 Siquis
1059 2842 1171 2891 tamen
1180 2815 1475 2910 hancstgnificatus
1489 2822 1756 2893 immutationem
1774 2844 1871 2895 notet
1887 2847 1981 2921 utque

719 2925 916 2997 brevitatem
933 2919 1095 3017 loquendi
1104 2946 1209 3011 amet;
1225 2926 1250 2993 is
1260 2945 1388 3021 pernos
1396 2920 1664 3021 propositionem
1674 2912 1873 3020 presentem
1881 2950 1980 2999 enun-

720 3030 784 3100 ciet
801 3049 896 3098 more
918 3016 1087 3099 consueto.

1241 3124 1273 3232 i·
1331 3150 1415 3232 254·

435 3238 634 3412 qffl‘f‘
830 3271 872 3356 Si
886 3267 1067 3375 definitum
1077 3268 1236 3371 firmitur
1251 3262 1507 3375 respuerim,
1535 3263 1828 3383 deeofigillatim
1841 3280 1983 3363 muer.

433 3369 473 3514 Ζ
486 3338 640 3513 cmi
667 3386 796 3487 fiditer
806 3384 1000 3505 praerircari
1017 3385 1172 3494 poffimt,
1204 3408 1282 3501 quae
1304 3392 1399 3465 notio
1421 3388 1530 3465 eidem
1547 3396 1585 3465 in
1601 3386 1801 3487 drfiurtmne
1820 3388 1980 3477 arribu-

433 3543 473 3616 de
486 3541 613 3630 definito
672 3527 714 3585 ta
734 3506 893 3587 involvit.
952 3498 995 3582 Si
1010 3500 1208 3581 definitum
1225 3498 1383 3579 sumitur
1423 3517 1465 3579 ut
1479 3494 1710 3605 subjeetum,
1747 3524 1833 3585 tum
1849 3510 1979 3591 conci.

431 3640 657 3734 universaliter
670 3622 773 3731 pitur
788 3620 895 3697 instar
912 3620 1027 3717 entis,
1057 3618 1119 3694 cui
1140 3614 1178 3694 id
1193 3616 1361 3696 nominis
1377 3618 1556 3697 convenit
1575 3616 1637 3722 (θ.
1655 3641 1746 3699 200.
1755 3619 1789 3727 ).
1884 3618 1979 3733 er

428 3745 646 3849 pradiccnrur.
669 3764 760 3819 cum
777 3732 1037 3813 definitionem
1054 3756 1132 3810 non
1149 3728 1425 3835 ingrediantur,
1453 3729 1519 3813 nisi
1542 3734 1735 3815 intrinseca
1769 3736 1979 3845 (§.154.);

668 3850 829 3933 definito
867 3844 1006 3951 singula
1048 3849 1309 3948 conveniunt,
1338 3874 1417 3957 qur
1439 3850 1477 3925 in
1494 3850 1653 3928 notione
1695 3877 1763 3957 per
1786 3852 1978 3939 definitio-

665 3993 756 4050 nem
773 3962 838 4073 ipst
856 3960 1028 4043 attributa
1071 3966 1323 4043 continentur.
1412 3958 1508 4083 Qu
1544 3989 1637 4043 vcro
1653 3963 1820 4064 tubjeeio
1836 3996 1978 4053 conve-

665 4088 806 4185 niunt,
858 4105 901 4158 ea
944 4103 1099 4190 quoque
1128 4078 1177 4158 de
1212 4078 1350 4159 eodem
1381 4082 1570 4187 praedicari
1598 4078 1749 4186 poffunt
1775 4082 1825 4191 (ᾗ.
1844 4084 1975 4191 rom).

666 4195 933 4317 Quamobrem
976 4196 1024 4275 de
1045 4193 1203 4274 definito
1228 4191 1411 4299 figillatim
1435 4196 1625 4303 praedicari
1647 4197 1797 4304 poliunt
1811 4194 1975 4307 singula,

664 4344 746 4427 quur
764 4319 803 4396 in
818 4310 1039 4394 definitione
1054 4315 1304 4392 continentur.
1390 4306 1602 4392 Enimvero
1647 4341 1735 4393 cum
1752 4339 1795 4395 ea
1811 4314 1973 4401 definito

660 4431 751 4512 ideo
766 4428 1029 4531 attribuuntur,
1056 4427 1161 4537 quod
1177 4422 1242 4532 ipsi
1259 4425 1356 4508 istud
1376 4430 1544 4510 nominis
1560 4434 1752 4533 convenit,
1779 4427 1844 4511 seu
1861 4432 1901 4513 id
1908 4435 1975 4513 tri-

662 4540 779 4627 buete
796 4546 920 4629 visum
933 4541 1018 4639 fuit3
1033 4543 1122 4627 ideo
1135 4540 1287 4651 lingulis
1302 4543 1522 4647 individuis,
1536 4570 1617 4657 quae
1633 4544 1699 4627 sub
1710 4544 1871 4630 definito
1880 4574 1972 4631 con·

1782 4664 1968 4768 timentur,
