4834 5634
555 580 566 602 ·
651 524 725 648 68
1004 518 1224 660 mptV.
1266 519 1348 634 De
1367 516 1600 628 Methodo
1723 618 1725 623 .

430 1687 595 1759 pamm

429 1788 576 1862 alumni

450 3398 614 3475 flammei

448 3508 592 3575 tertium.

651 779 733 839 tuin
748 750 848 835 licet.
905 744 1014 831 ldem
1038 773 1157 857 porro
1181 751 1299 831 utitur
1320 748 1513 858 principiis
1529 745 1590 829 vel
1612 748 1764 857 prorsus
1777 774 1877 858 non,
1903 748 1968 839 v'el

612 948 615 957 ,
653 896 735 954 non
749 868 974 950 sufficienter
988 863 1156 974 probatis
1169 866 1224 974 (p.
1243 864 1411 971 117.),in
1428 861 1676 947 anterioribus
1692 864 1974 976 propositiones

654 982 791 1097 probat
806 1010 876 1093 per
889 1009 945 1086 ea,
961 1008 1042 1092 quae
1058 980 1216 1061 demum
1233 979 1391 1065 inferius
1403 980 1667 1093 sequuntur(§.
1682 984 1782 1091 120.)
1799 978 1838 1065 di
1855 988 1974 1071 ratio·

656 1129 739 1206 neS,
746 1128 813 1183 cur
821 1098 1063 1211 praedicatum
1070 1093 1237 1198 subiesio
1246 1094 1287 1179 sit
1296 1093 1553 1198 tribuendum,
1563 1100 1681 1202 magis
1694 1098 1847 1204 indicat,
1856 1128 1974 1211 quam

659 1236 702 1299 ut
717 1214 925 1298 absolutam
946 1213 1021 1295 suis
1042 1215 1213 1296 numeris
1235 1212 1596 1295 demonstrationem
1611 1212 1730 1295 tradat
1766 1216 1831 1323 (β.
1848 1218 1976 1327 123.)

658 1329 941 1440 Principiouini
955 1333 1082 1438 itaque
1097 1352 1140 1407 ac
1155 1324 1461 1440 propositionum
1476 1326 1827 1415 deuioiistrebilium
1840 1338 1980 1421 veritae

661 1448 856 1533 evidenter
871 1443 1022 1555 agnosci
1037 1446 1180 1556 nequit.

786 1672 894 1761 Hinc
915 1672 1179 1788 consequitur,
1208 1554 1538 1787 ndpkdll'nettodn
1553 1601 1814 1791 philosophica,
1848 1668 1983 1759 num

668 1813 804 1879 certam
826 1820 869 1877 ac
891 1787 1086 1895 distindam
1108 1787 1261 1875 abtiteri
1284 1790 1525 1905 cognitionem.
1590 1784 1701 1869 Nam
1722 1786 1750 1873 fi
1773 1788 1983 1875 meritoriae

666 1907 932 2022 philosophico
947 1905 1174 2014 negligitur,
1200 1929 1270 1984 nec
1292 1904 1472 2005 terriiini,
1504 1929 1574 1986 nec
1589 1902 1866 2013 propositiones
1881 1904 1985 1989 suffi·

668 2030 810 2111 cienter
826 2021 1085 2131 intelliguntur
1101 2026 1122 2130 (
1131 2022 1162 2129 p.
1181 2017 1298 2126 qo),
1319 2016 1490 2128 adeoque
1514 2015 1661 2102 nonnisi
1677 2017 1834 2103 confusa
1856 2020 1987 2151 estress

669 2168 759 2225 mm
774 2142 919 2222 notitia.
975 2135 1158 2220 Similiter
1171 2162 1254 2245 qua
1266 2132 1487 2238 traduntur,
1503 2160 1592 2217 veta
1607 2132 1677 2217 else
1691 2136 1888 2221 evidenter
1902 2161 1986 2221 non

672 2254 923 2363 agnoscuntur
945 2256 966 2362 (
976 2254 1009 2360 s.
1022 2254 1137 2361 cia),
1160 2250 1338 2358 adeoque
1357 2245 1471 2329 dubia
1487 2247 1526 2330 di
1543 2253 1684 2335 incerta
1702 2272 1830 2335 manet
1852 2256 1987 2341 mitiis

674 2399 724 2456 co
751 2391 862 2453 nitio.

725 2401 751 2480 g
775 2480 943 2582 Equidem
960 2476 1033 2555 lieri
1049 2473 1220 2577 petellio
1235 2474 1450 2578 imperirisbi
1467 2474 1696 2577 persuadeant,
1715 2474 1989 2581 seoptiiiieintel·

725 2586 846 2679 ligere,
859 2608 935 2682 qiiae
947 2584 1102 2655 acumine
1117 2580 1265 2679 preditis
1281 2576 1336 2651 vel
1354 2570 1491 2653 obscura
1506 2576 1592 2673 lunt,
1607 2580 1662 2655 vel
1676 2579 1782 2655 dubiae
1790 2586 1991 2685 interprete·

727 2688 830 2761 iionu
846 2684 887 2757 dc
930 2675 1989 2783 ehendutitui,utquesedeueritutealicujuspropositioniieort¹

727 2784 834 2860 iiiios
847 2708 1140 2869 eill‘arhitrenmr,
1154 2781 1215 2856 ubi
1231 2778 1556 2857 demonstrationum
1571 2789 1667 2879 gnari
1675 2782 1992 2884 multiplicibu'di·

732 2887 798 2960 hiis
812 2911 886 2961 cani
899 2884 1204 2957 adhueinvolutem
1221 2880 1285 2956 elle
1301 2878 1528 2983 perspiciunt:
1553 2891 1726 2959 enimvero
1743 2886 1843 2961 nobis
1859 2889 1895 2960 iii
1911 2916 1993 2991 prae·

735 2983 819 3062 senti
834 3013 905 3060 non
919 2982 1027 3059 lerino
1042 2982 1089 3057 est
1103 2987 1144 3059 de
1160 2988 1399 3083 imperitorum
1417 2988 1590 3081 opinione,
1602 2982 1657 3059 sed
1664 2988 1704 3060 de
1719 3014 1770 3077 eo,
1779 2990 1874 3087 quod
1887 2988 1995 3065 retest

732 3088 845 3162 Multa
859 3086 1024 3177 videntur,
1039 3112 1114 3187 quae
1129 3112 1201 3166 nou
1216 3080 1300 3160 sunt
1355 3081 1582 3188 Philosophus
1600 3087 1801 3167 vetustatu'it
1810 3090 1992 3193 deliuqun

727 3184 818 3273 sune

1287 3348 1298 3368 .
1350 3316 1365 3373 i
1417 3352 1426 3369 .

801 3406 842 3491 n·
856 3412 935 3527 quis
946 3401 1197 3523 philosophiam
1212 3293 1312 3506 aad,
1340 3300 1449 3525 qddm
1452 3400 1690 3522 philqfiiphica
1698 3401 1857 3489 methodo
1865 3402 1998 3512 madir,

688 3527 721 3609 it
736 3516 851 3625 docet,
879 3548 958 3641 que
972 3516 1022 3605 ab
1036 3519 1100 3627 ψ
1114 3524 1197 3603 vite
1213 3512 1425 3617 abhorrent,
1430 3521 1499 3627 seat
1506 3549 1581 3641 que
1590 3518 1639 3603 ud
1645 3524 1739 3628 casus
1748 3522 2001 3619 oitaehumanae

688 3666 758 3725 non
773 3633 944 3723 conimade
963 3636 1143 3743 applicari
1155 3634 1300 3747 pufflent.
1384 3632 1432 3717 N
1433 3663 1485 3717 on
1510 3664 1689 3743 urgemus
1713 3635 1799 3742 hic,
1829 3642 1938 3751 quod
1953 3664 1995 3723 ea

687 3754 827 3858 trudat,
841 3779 924 3863 que
939 3777 1021 3833 non
1035 3748 1261 3832 sufficiemer
1275 3748 1432 3857 intelligi
1446 3752 1597 3862 poliunt
1625 3754 1678 3863 (β.
1697 3756 1815 3862 136.):
1845 3752 1912 3839 etsi
1932 3780 2000 3841 ue-

686 3897 757 3959 nio
771 3866 883 3953 facile
895 3868 1086 3975 negaverit
1099 3928 1114 3970 ,
1143 3866 1252 3975 quod
1280 3868 1407 3949 minus
1422 3869 1632 3951 commode
1658 3869 1707 3951 ad
1724 3874 1805 3951 vita
1822 3869 2001 3953 humane

685 3986 790 4074 casus
834 3982 1012 4095 applicari
1058 3981 1223 4093 pollint,
1247 4007 1331 4091 quae
1363 4008 1445 4064 non
1473 3985 1697 4068 liifficienter
1725 3984 2000 4095 intelliguntur.

687 4102 781 4190 Alia
795 4106 898 4184 euim
915 4099 1040 4184 adhuc
1055 4102 1200 4180 ratione
1220 4096 1325 4179 idem
1343 4102 1528 4182 evincitur
1544 4099 1690 4183 clarius.
1756 4098 1910 4183 Etenim
1927 4106 2000 4213 qui

687 4214 973 4329 philosophiam
987 4215 1058 4299 alia
1073 4212 1267 4297 methodo
1281 4216 1414 4319 tradit,
1450 4242 1566 4327 quani
1589 4214 1872 4325 philosophica,
1898 4218 2002 4301 isin

687 4332 1012 4441 propositionibus
1027 4330 1291 4413 conditionem
1302 4352 1471 4413 accurate
1490 4360 1570 4415 non
1589 4332 1822 4432 determinat,
1837 4329 1906 4417 sub
1925 4360 2005 4449 qua

687 4450 930 4555 predicatum
945 4449 1125 4539 convenit
1138 4440 1310 4545 subjecto
1327 4448 1380 4553 (p.
1400 4454 1502 4551 ian).
1574 4444 1783 4531 Enimvero
1808 4442 2005 4563 siptopo-¹

688 4558 841 4651 litiories
854 4571 906 4652 ita
920 4563 1207 4673 souneatuqut
1224 4560 1399 4650 conditio
1424 4582 1596 4653 mcutatc
1618 4565 1904 4679 deterrumum,
1932 4566 2000 4651 sub

1927 4704 1999 4797 Ψ
