4834 5634
659 560 758 679 228
982 514 1627 689 terratenusque.
1774 692 1778 697 ¹

715 780 833 879 utique
849 774 1056 851 identieaell
1104 774 1299 880 andvero
1308 773 1494 850 istiusmodi
1518 764 1766 895 proportiones
1781 794 1984 952 noncaoqqq·

717 903 814 957 reant
820 878 980 967 idemne,
990 876 1044 949 vel
1052 874 1130 951 inde
1146 874 1212 969 est,
1225 876 1319 979 quod
1327 874 1466 950 delinito
1480 878 1653 975 jungimus
1668 880 1846 951 notionem

718 974 804 1069 sam,
827 980 883 1052 vel
902 978 994 1077 quod
1015 974 1125 1079 ipsum
1142 970 1243 1055 nobit
1264 974 1429 1055 familiare
1448 976 1664 1069 reddidimus,
1692 998 1731 1051 ut
1746 976 1788 1051 ad
1802 980 1984 1051 notione·

717 1086 749 1159 ei
763 1084 1018 1159 convenientem
1033 1074 1170 1180 prorsus
1185 1104 1257 1155 non
1278 1076 1507 1155 attendamus:
1542 1082 1667 1155 e‘tenitn
1683 1082 1718 1153 in
1740 1098 1889 1177 utroque
1905 1072 1984 1153 casu

715 1208 788 1263 non
807 1178 1119 1271 animadvertimus,
1135 1178 1228 1281 quod
1242 1184 1280 1259 in
1305 1180 1507 1257 definitione
1526 1174 1669 1279 subjeffi
1677 1180 1897 1285 pudicarum
1910 1182 1984 1281 jam

719 1305 940 1361 eontmeatur.
1456 1372 1459 1381 Ι

1240 1384 1273 1494 l·
1329 1402 1415 1491 224·
1539 1428 1541 1433 ·
1860 1404 1864 1423 '
1934 1448 1938 1455 ·

437 1493 573 1619 Qando
587 1520 650 1570 non
829 1492 1069 1607 Sisttbjedum
1078 1521 1147 1619 per
1160 1497 1343 1584 attributa
1357 1497 1539 1607 destinarer,
1554 1492 1615 1584 vel
1639 1492 1919 1584 ermodorumat
1967 1524 1987 1585 r

434 1613 580 1693 paraant.
671 1616 883 1703 relationum
889 1610 1133 1731 pofflbilrtates
1145 1676 1160 1721 ,
1185 1642 1263 1735 quae
1271 1638 1340 1733 per
1354 1610 1493 1699 modum
1516 1521 1687 1701 attriiutt'
1708 1612 1848 1719 infima
1880 1524 1982 1725 effi-

670 1735 780 1821 tiana
795 1728 968 1817 neodem
980 1728 1224 1843 predicantur
1237 1753 1386 1845 propter
1403 1726 1586 1815 attributa
1601 1728 1661 1817 vel
1672 1757 1734 1833 ea,
1774 1756 1853 1851 qua
1868 1736 1980 1817 attri-

666 1846 832 1935 butorum
848 1853 959 1931 nicam
968 1840 1125 1945 abeunt.
1187 1841 1310 1928 Sicuti
1326 1848 1429 1928 enim
1448 1844 1621 1929 attributa
1630 1846 1685 1957 (§.
1703 1844 1981 1957 65.)&suppo-

668 1962 739 2050 sata
757 1964 968 2047 modorum
983 1981 1094 2071 atque
1109 1958 1336 2043 relationum
1352 1958 1608 2071 possibilitates
1634 1962 1698 2073 (q.
1717 1962 1823 2071 157.)
1846 1990 1916 2071 per
1929 1960 1981 2045 es-

667 2076 832 2163 sentialia
876 2076 1193 2170 determinatarum
1221 2080 1272 2158 ita
1294 2076 1454 2157 viciffim
1477 2074 1606 2187 politis
1623 2076 1809 2175 attributis
1826 2076 1888 2161 vel
1904 2076 1979 2161 iliis

666 2194 879 2281 modorum
920 2211 1032 2305 atque
1052 2192 1282 2275 relationum
1304 2187 1629 2300 posltbilitatibus,
1664 2212 1863 2302 ponuntur
1885 2218 1980 2307 quo-

668 2338 743 2424 que
759 2305 975 2409 ellentialia,
991 2326 1032 2387 ut
1048 2307 1145 2390 adeo
1159 2304 1292 2389 sumtis
1309 2305 1494 2390 attributis
1511 2304 1571 2389 vel
1590 2306 1663 2391 illis
1678 2304 1981 2418 possibilitatibus

665 2446 845 2537 tanquam
863 2425 996 2532 primis
1040 2447 1175 2532 perca
1218 2420 1515 2505 determinentur
1555 2420 1764 2507 essentialia.
1830 2422 1981 2549 Qum.

665 2540 802 2625 obrem
844 2533 1091 2639 fisubjedinm
1105 2564 1172 2648 per
1215 2536 1278 2619 illa
1318 2538 1495 2620 definitur
1512 2533 1550 2619 dt
1567 2538 1649 2621 hac
1662 2540 1710 2623 de
1726 2533 1992 2655 eodemque-s

666 2656 859 2759 dicantur,
888 2654 1219 2766 quemadmodum
1234 2650 1453 2763 hypothesrs
1470 2656 1647 2767 requirit,
1677 2654 1877 2741 essentialia
1889 2684 1980 2769 pra·

666 2770 838 2855 dicantur
852 2770 900 2851 de
921 2765 1089 2870 subjeslo
1105 2790 1262 2880 propter
1275 2767 1449 2852 attributa
1463 2767 1524 2851 vel
1532 2770 1790 2879 possibilitates
1804 2778 1980 2889 eisatqui·

665 2884 843 2991 valentes,
860 2912 941 2998 quae
958 2886 1221 2967 definitionem
1236 2885 1497 2993 ingrediuntur
1521 2888 1573 2995 (b.
1593 2896 1700 2996 219.).

763 3006 802 3075 E.
811 3025 860 3093 gr.
869 3000 1185 3095 Parailelogrammo
1205 3025 1267 3099 per
1281 2999 1422 3073 modum
1439 2999 1589 3075 attributi
1605 3002 1660 3078 seu
1676 3008 1975 3103 proprietatircon·

712 3107 805 3178 venit
814 3099 1015 3177 divifibiiitas
1025 3109 1061 3177 in
1072 3101 1141 3176 duo
1150 3101 1317 3195 triangula
1327 3103 1532 3204 aequaliaper
1548 3102 1758 3201 diagonalem
1774 3103 1871 3181 sarbia.
1922 3102 1976 3181 Es·

712 3201 860 3281 lentialia
874 3229 1149 3305 autem,perquae
1164 3203 1280 3299 figura
1294 3201 1359 3276 iste
1369 3204 1651 3299 determinantur,
1668 3204 1743 3281 sunt
1759 3210 1903 3283 laterum
1918 3232 1976 3285 nu·

712 3300 1369 3406 metusquaternarius&parallelismue
1423 3305 1550 3402 Qtodfi
1560 3335 1640 3405 ergo
1643 3313 1976 3413 parallelogrammata

715 3408 854 3481 definias
897 3434 935 3481 er
950 3408 1096 3504 figuram
1111 3407 1249 3507 planam
1266 3402 1556 3501 induotriangula
1581 3412 1717 3510 aqualia
1735 3438 1798 3511 per
1822 3417 1976 3511 diagona-

711 3510 779 3583 lem
790 3435 988 3583 divisibilem
1003 3506 1333 3609 &posteaaffirmeaz
1349 3511 1684 3609 Paralldogrammum
1700 3511 1793 3589 babet
1809 3519 1916 3591 latera
1930 3538 1980 3621 op·

731 3613 806 3705 nita
839 3614 1015 3711 paraliam
1042 3604 1285 3709 parallelismua
1300 3607 1443 3682 laterum
1462 3610 1502 3683 de
1520 3637 1561 3685 eo
1576 3615 1980 3713 praedicatarobdivifibi·

704 3633 840 3787 iitatem
848 3714 884 3785 in
892 3713 961 3788 duo
970 3712 1135 3805 triangula
1151 3712 1289 3809 aequalia
1304 3736 1368 3811 per
1388 3711 1608 3806 diagonalem.

435 3914 586 4005 Quanam
1243 3900 1276 4012 ᾗ.
1335 3924 1416 4005 225.

433 4012 575 4133 ‘Misia
589 4019 628 4135 aar
819 4032 1131 4147 Qaedefitbjelio
1144 4035 1301 4147 ablblate
1320 4043 1586 4149 predicantur,
1602 4048 1722 4131 eadem
1736 4046 1985 4161 ipsstribm-

423 4115 640 4235 Wl‘lfmmi
670 4148 814 4265 iursnb
830 4154 1042 4261 dfinitiont'r
1083 4155 1298 4261 conditione,
1334 4183 1474 4265 nempe
1496 4158 1587 4241 ideo
1630 4161 1798 4265 subidiO
1839 4168 1981 4259 dieitur

430 4210 645 4309 iuscatcgort-

430 4324 475 4385 c„
489 4274 875 4415 „„·„ſs4,convenire
888 4271 1151 4379 predicatum,
1179 4272 1367 4355 ueletiam
1384 4299 1609 4381 repugnare,
1647 4279 1755 4390 quod
1769 4282 1897 4369 eidem
1913 4290 1981 4375 de.

425 4434 575 4517 ΜΨ,
667 4384 792 4467 finitio
807 4390 1002 4496 competit.
1058 4383 1156 4587 Qag
1170 4394 1274 4470 enim
1291 4388 1338 4469 de
1353 4384 1521 4490 snbjeslo
1536 4390 1703 4477 absolute
1716 4400 1977 4513 predicantur,

666 4520 709 4577 ea
724 4496 808 4581 sunt
850 4501 911 4584 vel
926 4501 1099 4585 attributa
1170 4502 1391 4607 essentialia,
1414 4502 1475 4585 vel
1490 4508 1701 4593 modorum
1743 4534 1858 4628 atque
1885 4522 1977 4609 rela-

664 4612 818 4697 tionum
859 4617 1138 4729 poffibilitates,
1166 4648 1248 4736 quae
1267 4646 1334 4733 per
1377 4622 1541 4705 modtun
1563 4624 1831 4719 attributorum
1856 4638 1994 4723 insunt

1829 4752 1852 4800 Ι
1859 4752 1879 4800 Κ
1908 4756 1960 4800 ae..
