4834 5634
771 539 854 647 De
874 535 1006 643 ruodo
1021 540 1146 647 alios
1161 538 1425 674 imitandi.
1654 572 1759 686 741

448 769 547 878 {irad
554 762 707 873 affirmfit
716 772 900 873 principia
904 765 1031 873 fulsi,
1057 767 1117 848 uel
1138 773 1234 879 quod
1255 778 1295 850 in
1308 769 1756 878 fhrntamsydogisniorunt
1781 758 1875 830 sandi
1888 781 1950 828 '²²⁰‘

450 888 627 991 impegit,·
653 888 686 960 is
712 880 861 961 alterum
889 887 1034 987 refertar.
1093 878 1249 964 Etenim
1274 888 1312 963 in
1343 905 1505 994 utroque
1529 886 1613 965 casu
1641 890 1755 993 putet,
1781 859 1848 931 dus.

449 996 558 1109 quod
573 1015 670 1077 erret
686 996 744 1101 (d.
764 1000 950 1103 626.(538.
960 996 999 1078 dt
1010 998 1107 1109 seqq.
1123 990 1165 1104 )',
1182 1001 1450 1111 consequenter
1460 1001 1570 1113 ¹quod
1586 1001 1755 1111 propost-

446 1117 596 1194 tionem
615 1108 742 1193 salsum
758 1141 830 1224 pro
846 1141 931 1197 vera
947 1112 1085 1197 habeat
1108 1116 1160 1223 (p.
1172 1118 1255 1223 623.
1268 1117 1309 1224 ),
1334 1136 1443 1226 atque
1459 1115 1555 1196 adeo
1574 1113 1754 1201 refutatur

446 1230 638 1337 (§·1017·)·
984 1318 988 1327 ,

566 1349 671 1415 Hunc
680 1337 1007 1431 refutandimodum,
1014 1340 1073 1415 ubi
1088 1339 1360 1431 eidemlocusest,
1374 1345 1657 1418 ceterisomnibus
1674 1372 1756 1445 prae·

497 1438 651 1533 serianus,
666 1469 744 1516 curn
760 1439 891 1517 sontem
899 1449 1024 1517 erroris
1040 1448 1175 1542 aperiat,
1184 1468 1221 1514 ut
1230 1448 1255 1513 iu
1273 1444 1510 1518 evidenriffime
1527 1454 1680 1519 omnium
1701 1476 1756 1547 ap·

502 1566 628 1643 pareat.
687 1544 801 1617 Habet
815 1570 926 1617 autem
936 1546 992 1618 iste
1008 1544 1124 1619 locum
1137 1548 1173 1615 in
1186 1549 1279 1618 omni
1292 1541 1375 1630 casu,
1385 1546 1443 1618 ubi
1455 1551 1759 1649 aurorpropofitio·
1853 1560 1857 1575 '

426 1708 429 1713 .
501 1671 560 1719 nes
569 1642 699 1745 probat,
715 1650 876 1719 terminos
886 1644 1011 1719 definit.
1034 1652 1111 1717 Nee
1120 1652 1146 1718 is
1155 1646 1381 1720 eonvenitnisr
1397 1648 1671 1739 intelligentibus,
1683 1676 1762 1726 eum

501 1741 653 1819 refutans
664 1746 694 1817 dr
707 1750 871 1845 principia
887 1744 1203 1837 tenere‚&formam
1214 1746 1463 1823 demonstrandi
1473 1778 1509 1822 ac
1517 1754 1762 1848 probandiani·

410 1852 418 1861 '
501 1873 560 1919 ruo
576 1849 865 1945 comprehendere
882 1850 1015 1937 debeat,
1028 1872 1206 1946 antequam
1223 1854 1404 1939 genuinam
1426 1859 1593 1925 rationem
1611 1853 1759 1927 indicare

499 1946 610 2049 podir,
621 1954 778 2022 cuierror
787 1951 936 2022 debetur.
966 1962 1077 2049 Atque
1093 1949 1178 2021 eade
1188 1945 1281 2023 causa
1294 1977 1372 2025 raro
1391 1951 1584 2043 adhibetur,
1597 1981 1676 2029 eum
1687 1955 1759 2026 asiis

502 2051 744 2147 impugnandis
753 2050 909 2124 delestari
919 2051 1050 2140 soleant,
1060 2055 1240 2148 quirerum
1249 2077 1370 2148 parum
1380 2058 1480 2153 periti
1497 2054 1580 2130 &ab
1588 2052 1730 2133 earums
1746 2096 1758 2109 ·

504 2150 572 2223 lida
586 2156 779 2249 cognitione
795 2156 914 2252 procul
927 2157 1054 2233 remoti
1071 2153 1381 2255 deprehenduntur.

1009 2359 1042 2468 i·
1099 2379 1205 2470 1034·

616 2502 818 2631 Qoniam
832 2512 872 2588 in
895 2505 1148 2615 superioribus
1166 2509 1419 2613 ostendimur,
1437 2507 1641 2622 quomodo
1654 2534 1761 2590 error
1787 2534 1862 2625 rjus
1871 2526 1999 2629 praxis.

450 2625 552 2707 circu
575 2622 712 2721 judicia
736 2627 907 2705 intuitiva
929 2629 1188 2707 committatur
1216 2626 1268 2732 (d.
1278 2626 1407 2733 631.),
1431 2626 1490 2707 vel
1507 2655 1556 2706 ex
1571 2629 1762 2734 principiis

450 2741 627 2849 precariis
642 2742 694 2848 (q.
705 2742 794 2822 626.
804 2742 839 2849 ),
849 2758 912 2819 :tut
928 2745 1123 2823 memoriae
1139 2741 1301 2853 quadam
1315 2741 1415 2850 lapsu
1425 2742 1715 2848 oriatur(§.634.
1728 2741 1763 2846 );

428 2850 609 2967 -quando
623 2854 747 2937 forma
776 2852 1078 2961 syllogismorum
1093 2857 1225 2939 vitiosa
1246 2860 1377 2941 evadat
1393 2863 1445 2963 (d.
1466 2859 1552 2963 638.
1571 2854 1721 2966 &seqq
1741 2858 1763 2963 )

428 3020 431 3025 -
455 2970 859 3053 &extruditunotione
876 2970 1206 3054 demonstrationis
1235 3001 1324 3055 cum
1355 2972 1539 3055 ostensiva
1566 2974 1618 3079 (β.
1636 3000 1712 3075 55].,
1728 2974 1766 3051 dt

453 3086 556 3195 seqq.
565 3088 599 3193 ),
615 3107 697 3168 turn
713 3088 931 3195 apogogicae
948 3084 1116 3168 distindia
1131 3088 1184 3194 (d.
1193 3112 1273 3192 553.
1284 3091 1402 3193 559.)
1419 3106 1559 3193 putent,
1577 3114 1669 3166 num
1686 3091 1765 3187 ejus

426 3228 430 3233 ·
453 3198 645 3307 neglediui
660 3231 765 3283 error
790 3200 1009 3283 tribuendus
1024 3200 1066 3283 sat
1080 3229 1093 3297 3
1122 3206 1278 3305 modum,
1307 3235 1374 3311 quo
1390 3211 1528 3313 quirin
1544 3230 1695 3282 errorem
1710 3210 1765 3282 in·

424 3320 560 3417 ¹cidit,
591 3317 909 3421 denionstraturur‚
938 3322 1080 3427 regular
1103 3320 1146 3397 de
1172 3348 1289 3399 errore
1314 3326 1407 3399 circa
1425 3320 1570 3423 judicia
1597 3322 1769 3396 intuitivae
1850 3332 1852 3337 '

450 3436 628 3542 commiffo
637 3498 647 3535 ,
675 3467 721 3515 ex
729 3440 921 3549 principiis
927 3440 1124 3539 precariis,
1147 3438 1207 3517 vel
1219 3434 1318 3540 lapsu
1340 3441 1511 3515 memorio
1527 3458 1617 3533 orto,
1634 3454 1770 3511 rumex

450 3550 576 3651 forma
584 3546 879 3659 syllogistnorum,
905 3552 966 3629 vel
977 3550 1306 3654 denonstrutronum
1327 3551 1456 3661 vitirifh
1474 3575 1577 3632 rnatu
1591 3543 1642 3631 ad
1654 3550 1769 3659 rafiam

455 3668 581 3748 datum
595 3674 771 3781 appium
784 3669 880 3745 debet
895 3666 947 3771 (d.
965 3678 1051 3773 348.
1064 3664 1096 3767 ).

563 3812 1136 3912 Atquehincabundeconfirmuur‚
1152 3810 1360 3910 quodmodo
1372 3815 1598 3908 (mt.§tro33.)
1615 3812 1772 3897 diximus,

509 3918 603 3991 hunc
612 3912 778 3989 refutandi
788 3913 928 3987 modum
937 3939 1007 3986 non
1021 3912 1086 3989 eise
1100 3915 1256 4003 cuiusvis,
1272 3909 1420 3987 sed-eum
1431 3912 1568 4029 ponnisr
1584 3914 1770 4005 intelligen-

422 4058 426 4067 ·
508 4018 600 4093 tibus
627 4019 814 4091 convenire.
866 4018 902 4084 E.
912 4038 964 4107 gr.
992 4014 1028 4089 Si
1045 4021 1119 4113 quis
1133 4010 1248 4089 falsam
1266 4014 1358 4088 dedit
1386 4016 1501 4089 circuli
1519 4014 1768 4111 quadraturam,

510 4118 685 4193 falsitatem
703 4115 799 4189 facile
809 4114 950 4188 ostendit
964 4144 1025 4217 per
1040 4116 1251 4205 indireeium,
1265 4115 1289 4189 sa
1305 4142 1377 4189 eam
1392 4122 1591 4188 contrariam
1601 4112 1768 4191 effemon·

512 4222 592 4297 stret
608 4222 888 4320 approximationi
904 4219 1059 4320 Laidolphi
1071 4222 1259 4314 Coloniensts,
1275 4244 1335 4292 nec
1352 4220 1456 4291 multa
1481 4222 1536 4293 hic
1561 4221 1766 4290 Geometrire

513 4324 634 4399 notitia
653 4348 690 4396 ac
705 4318 950 4395 demonstrandi
968 4322 1085 4419 peritia
1094 4318 1372 4421 praesupponitur.
1432 4320 1770 4415 Enimverodrmajor

401 4480 407 4491 -
513 4428 717 4499 Geometriae
736 4426 860 4511 notitia,
876 4422 910 4495 dr
929 4418 1175 4495 demonstrandi
1186 4422 1320 4495 habitus
1330 4426 1522 4519 requiritur,
1534 4418 1770 4494 ubiostenden·

514 4526 597 4601 dum
606 4522 792 4623 ed,quibus
809 4528 983 4626 principiis
995 4520 1156 4611 salnevel
1172 4549 1239 4619 qua
1253 4521 1367 4595 vitiosa
1377 4522 1641 4615 argumentandi,
1655 4521 1773 4595 autde

417 4644 422 4653 '
514 4622 1220 4711 monsirendisortuaalterfueritindustus,
1234 4621 1523 4701 utsalsamcireuli
1539 4623 1779 4725 quadraturam

1014 4736 1152 4804 Aaaaa
1188 4752 1208 4827 3
1705 4748 1776 4799 tan·
