4834 5634
666 558 726 681 38
1018 546 1126 683 erp.
1143 506 1247 695 UNI.
1274 534 1352 653 De
1378 532 1618 683 parribus

713 774 866 863 eorporis
882 767 1078 844 thueiuram
1096 794 1193 870 atque
1207 792 1357 843 naturam
1367 768 1441 844 heri
1449 766 1595 871 possunt.
1606 768 1639 841 si
1649 771 1724 864 quis
1733 782 1844 845 tamen
1854 770 1975 871 patho}

715 876 840 945 losiun
856 902 874 945 a
889 872 1099 973 physiologia
1118 898 1214 948 more
1230 874 1443 945 Medicorum
1458 868 1975 973 distinguerevelit,nonimpro·

718 979 849 1047 b.·mus.
901 982 942 1046 tn
957 975 1067 1046 verbis
1083 969 1196 1047 sumus
1213 968 1453 1063 fredes,m0do
1469 966 1975 1071 'rurerumpmrrttaeonenon

717 1072 949 1183 perfunfiloria
966 1100 1069 1175 opera
1086 1076 1294 1149 adhibeatur.
1341 1074 1344 1081 '

430 1304 487 1371 :³³2
505 1300 555 1365 ;·“-.·.ε
570 1316 648 1389 ¹tarr
787 1286 1000 1373 Enimvero
1016 1318 1144 1372 rerum
1160 1202 1395 1371 naturalium⁵
1402 1287 1570 1398 duplices
1595 1293 1675 1375 dari
1696 1289 1849 1401 possunt
1864 1295 1982 1375 ratio-

431 1429 463 1465 t-
480 1448 483 1453 ·
501 1427 543 1465 =-·
562 1396 653 1487 diff·
675 1432 755 1508 nes,
770 1432 930 1517 quarum
946 1405 1023 1487 aliar
1040 1426 1218 1515 petuntur
1234 1432 1255 1485 a
1270 1404 1375 1487 c'ausa
1392 1406 1590 1508 efficiente,
1607 1406 1684 1488 aliae
1700 1434 1720 1487 a
1737 1408 1822 1489 fine.
1880 1404 1979 1529 Qrae

429 1520 509 1571 ⁸⁵0³*
675 1548 695 1601 a
713 1521 816 1602 causa
831 1524 1016 1603 efficiente
1032 1541 1223 1630 petuntur,
1252 1525 1292 1599 in
1308 1517 1510 1628 disciplinis
1534 1520 1715 1605 husleuus
1731 1521 1898 1605 definitis
1912 1550 1980 1603 ero..

673 1638 898 1745 penduntur.
916 1635 1038 1719 Datur
1057 1641 1181 1745 itaque
1196 1656 1326 1747 prater
1343 1634 1488 1717 casalia
1505 1634 1628 1719 adhuc
1649 1636 1901 1747 philosophia
1916 1664 1979 1721 na·

672 1750 800 1835 turalis
817 1779 914 1861 pars,
930 1780 1010 1863 qua
1028 1753 1121 1833 fines
1138 1780 1265 1834 terum
1280 1750 1454 1862 explicat,
1470 1756 1627 1835 nomine
1644 1752 1768 1835 adhuc
1786 1752 1980 1861 destituta,

671 1865 735 1953 eth
751 1866 971 1979 amplissima
985 1864 1028 1955 fit
1043 1866 1081 1953 bc
1095 1866 1294 1957 utilissima.
1352 1863 1444 1953 Dici
1458 1864 1578 1980 posset
1604 1868 1809 1989 Teleohgra.

433 2130 519 2203 Num
529 2124 636 2235 pluro
802 2123 1072 2211 Recensuimus
1089 2124 1270 2209 hasienus
1286 2124 1537 2235 philosophie
1560 2146 1702 2235 partes,
1739 2124 1877 2236 quibus
1895 2124 1978 2207 illu·

428 2227 625 2331 philosophia
677 2242 830 2325 strandis
846 2242 1025 2331 hedenus
1040 2270 1197 2353 operam
1214 2244 1316 2324 suam
1333 2242 1500 2325 dicarunt
1518 2240 1748 2351 philosophi.
1843 2238 1979 2325 Enim-

429 2347 541 2430 partes
563 2324 894 2461 ha‘lf'veroabfit,
922 2379 964 2441 ut
981 2356 1092 2441 nobis
1111 2358 1416 2467 persuadeamus,
1442 2358 1502 2438 his
1519 2356 1709 2462 exhauriri
1725 2384 1884 2441 omnem
1894 2354 1980 2439 Na-

434 2428 766 2617 }uitffoenfiu'turae
783 2472 1008 2557 thesaurum.
1065 2472 1200 2557 Multae
1217 2478 1344 2584 potius
1368 2474 1449 2555 sunt
1466 2472 1663 2583 disciplina
1688 2472 1982 2583 philosophice,

458 2554 498 2627 θ’·
530 2556 570 2629 r'·
677 2616 759 2702 quae
774 2587 956 2673 hasienus
971 2586 1100 2696 latent,
1113 2594 1182 2673 suo
1198 2613 1323 2672 autem
1338 2611 1511 2700 tempore
1526 2594 1564 2671 in
1581 2594 1748 2700 apricum
1767 2590 1982 2700 producen-

674 2726 757 2809 tur,
786 2704 853 2787 ubi
867 2704 964 2789 serio
1003 2706 1051 2789 ad
1094 2706 1443 2817 philosophandum
1474 2704 1691 2817 applicaturi
1709 2706 1791 2789 sunt
1807 2710 1979 2791 an'unum

671 2822 822 2924 eruditi,
851 2843 893 2903 ut
908 2824 1038 2932 potius
1053 2822 1209 2905 scientia
1225 2826 1423 2931 pomoeriis
1439 2820 1634 2905 dilatandis
1651 2822 1833 2925 studeant,
1863 2840 1980 2933 quam¹

672 2957 713 3017 ut
730 2958 830 3016 rmnae
848 2936 1046 3019 ambitioni
1062 2936 1181 3042 litent,
1197 2966 1270 3048 qua
1286 2944 1326 3019 in
1342 2958 1461 3047 partes
1478 2938 1553 3018 scin
1571 2940 1817 3019 *unturaninri
1834 2928 1883 3019 ch·
1894 2936 1981 3027 alte-

591 3042 610 3055 “’
670 3055 748 3133 rius
766 3072 962 3133 contemtu
981 3071 1091 3164 atque
1107 3058 1316 3163 ignominia
1334 3052 1493 3159 gloriam
1511 3074 1707 3161 captantes.
1764 3048 1894 3135 Unius
1906 3054 1980 3135 ho-

668 3171 783 3245 minis
799 3195 878 3245 non
894 3168 946 3247 eil
961 3192 1070 3274 agere
1086 3172 1225 3251 omnia.
1286 3166 1518 3275 Coniundlis-
1541 3168 1684 3251 viribus
1713 3164 1970 3251 laborandum.

668 3273 869 3361 Suffecerit
885 3281 981 3362 adeo
998 3282 1110 3387 nobis
1126 3284 1222 3366 inid
1237 3282 1469 3389 incumbere,
1486 3304 1528 3367 ut
1543 3304 1627 3369 ante
1643 3288 1773 3371 ouutia
1782 3280 1976 3393 discipline
2019 3336 2023 3343 -

669 3415 838 3503 recepta,
853 3397 915 3479 sed
931 3396 1029 3481 male
1045 3397 1274 3485 cohaerentes
1290 3402 1523 3485 ordinentur.

436 3656 606 3765 tir-dopo·
795 3660 893 3743 Ordo
903 3668 1067 3777 partium
1077 3570 1295 3777 phrunphlae
1311 3562 1416 3769 agell,
1433 3686 1473 3745 ur
1484 3658 1699 3769 precedam,
1714 3688 1759 3745 rx
1770 3658 1983 3781 quilurulr‘ae

435 3776 517 3887 eiuro
535 3756 848 3893 philodprtncrpra
863 3801 1087 3865 mutuantur.
1146 3774 1393 3891 Philosophia
1410 3780 1556 3863 scientia
1574 3780 1625 3859 esl
1641 3780 1982 3891 (§.29.l‚adeoque

432 3868 520 3967 Pll‘·
676 3918 724 3972 ex
741 3894 933 4001 principiis
949 3896 1060 3975 certis
1105 3892 1144 3975 br
1166 3898 1339 3979 immotis
1356 3924 1422 4005 per
1437 3894 1643 4003 legitimum
1674 3894 1982 4005 consequentiam

672 4004 802 4087 inferri
819 4004 968 4109 debent,
983 4035 1063 4117 quar
1081 4012 1120 4090 in
1135 4036 1178 4091 eu
1195 4012 1390 4094 traduntur
1416 4014 1470 4119 (i.
1486 4040 1505 4118 3
1537 4014 1579 4118 .).
1647 4006 1743 4133 Qut
1768 4015 1879 4117 igitur
1894 4004 1982 4115 pur-

579 4162 582 4167 ·
670 4144 726 4205 tes
750 4120 998 4231 philosophiae
1021 4130 1202 4237 principia
1246 4128 1407 4237 praebent
1424 4124 1526 4230 aliis,
1563 4154 1613 4207 ca
1637 4127 1863 4237 praecedere,
1894 4152 1981 4235 quat

670 4260 798 4323 autem
820 4242 1003 4349 principia
1017 4243 1106 4325 inde
1121 4262 1352 4349 mutuantur,
1368 4244 1469 4353 sequi
1493 4242 1640 4327 debent.
1721 4236 1761 4321 Si
1778 4264 1913 4345 negas,
1940 4242 1981 4324 id

558 4398 561 4403 ·
671 4354 753 4435 fieri
770 4352 931 4435 debere:
958 4360 1077 4465 priori
1093 4355 1184 4439 loco
1227 4360 1409 4467 ponendae
1427 4358 1531 4461 sunt,
1548 4386 1628 4469 qua
1646 4386 1694 4439 ex
1718 4352 1799 4437 aliis
1814 4354 1982 4439 demon-

671 4466 892 4551 strationum
935 4476 1115 4581 principia
1137 4492 1279 4581 petunt.
1353 4472 1566 4581 ¹Utendum
1594 4478 1706 4579 igitur
1721 4473 1791 4551 erit
1807 4476 1982 4557 terminis

672 4584 848 4677 nondum
861 4586 1046 4695 definitis,
1076 4586 1117 4671 dr
1132 4592 1326 4703 principiis
1336 4590 1518 4715 'nondum
1542 4588 1826 4695 demontrans,
1866 4588 1981 4673 adeo-

1905 4732 1982 4819 que
