4834 5634
648 498 738 640 156
813 499 1017 607 Part-I.
1034 494 1223 604 uult.
1243 496 1351 629 Cap.
1376 490 1417 595 I.
1437 488 1520 603 De
1543 489 1796 594 notionum

429 822 517 961 Note
534 869 644 965 definii-
791 864 907 942 Notat
929 853 1077 965 appello
1102 732 1444 954 rebusinttiltleca,
1470 851 1569 932 unde
1596 850 1845 959 agnoscuntur
1872 843 1912 924 u
1944 859 1970 919 a

427 992 485 1057 tio·
658 975 694 1059 se
722 978 887 1055 invicem
903 970 1172 1055 discernuntur.

757 1091 859 1180 E.gr.
885 1082 1351 1185 Triulateraadsuperficiem
1359 1076 1846 1157 terminandamconcurrentin
1855 1072 1975 1169 dicunq

707 1208 764 1262 tur
778 1212 875 1277 notae,
890 1186 980 1259 unde
1003 1182 1191 1280 agnoscitur
1206 1185 1427 1279 triangulum.

433 1439 649 1523 Notioniscla-
795 1432 906 1513 Notio
917 1422 1016 1511 clara
1039 1423 1114 1527 est,
1129 1448 1211 1535 quet
1235 1314 1472 1503 dobidiiotas
1496 1416 1652 1500 exhibet
1680 1419 1828 1502 adrem
1855 1439 1977 1531 agno·

435 1572 479 1622 ra
487 1542 526 1621 θ’
526 1537 651 1635 obscura
663 1543 838 1632 scendum
852 1562 962 1653 atque
978 1537 1023 1621 ub
1038 1537 1119 1621 aliis
1136 1534 1417 1619 discernendam
1433 1533 1677 1619 sufficientes:
1703 1530 1852 1641 obscura
1866 1560 1975 1641 vero,

437 1643 604 1734 definitio:
663 1690 745 1781 quae
759 1680 869 1743 notas
883 1656 1145 1751 insufficientes
1159 1656 1339 1736 continet

767 1774 882 1848 Solem
898 1777 1067 1845 intuentes
1084 1763 1418 1861 ilrtimrgnoscimus,
1425 1764 1618 1863 eumqucrb
1627 1766 1722 1837 omni
1730 1784 1806 1840 ente
1813 1761 1880 1840 tlio
1888 1764 1976 1863 opri-

720 1902 777 1954 me
802 1868 1036 1947 discernimus:
1058 1870 1130 1965 ejus
1156 1868 1240 1941 adeo
1256 1891 1434 1942 nunonem
1450 1864 1574 1940 cleram
1590 1864 1763 1940 habemus.
1816 1864 1980 1941 Similiter

720 1981 879 2067 notiones
896 1973 1000 2045 clarat
1016 1970 1180 2044 hebemus
1195 1970 1362 2057 hominis,
1378 1970 1455 2056 ruis,
1470 1966 1698 2055 leonincanis,
1712 1962 1842 2040 arboris
1858 1964 1926 2051 dcc,
1945 1962 1982 2041 ἂ

725 2083 763 2153 in
780 2076 975 2151 Geometrin
991 2070 1191 2165 figurarum,
1209 2068 1314 2145 veluti
1330 2067 1491 2159 trianguli
1508 2121 1518 2154 ,
1541 2066 1713 2165 quadrati,
1726 2066 1893 2167 polygoni
1917 2064 1985 2141 dcc.

724 2182 760 2250 Si
775 2202 858 2251 vero
874 2176 1027 2275 plantem
1042 2175 1205 2245 exoticam
1220 2175 1390 2244 intuentes
1405 2166 1590 2257 heremus,
1613 2192 1696 2241 num
1712 2164 1830 2243 erdem
1843 2164 1882 2241 fit
1899 2188 1986 2241 mm

722 2279 786 2351 elia
797 2278 882 2351 olim
899 2273 980 2347 alibi
995 2268 1072 2361 visa,
1084 2272 1139 2350 vel
1153 2270 1249 2368 cujus
1265 2266 1364 2350 nobis
1378 2262 1539 2345 succurrit
1558 2284 1703 2357 nomen3
1720 2269 1793 2369 ejus
1805 2271 1987 2348 rodonem

721 2378 890 2453 hebemus
902 2369 1087 2449 obscuram.
1264 2474 1283 2563 §

1284 2538 1294 2556 .
1320 2482 1376 2573 81.

453 2621 601 2693 Termini
616 2608 664 2685 ob·
817 2612 1005 2696 Terminus
1018 2600 1183 2718 obscurus
1198 2608 1266 2715 est,
1282 2612 1346 2691 cui
1362 2612 1473 2693 notio
1490 2606 1843 2698 obscura'adhaeret:
1869 2614 1989 2705 clam

441 2716 580 2815 scari&
591 2716 656 2793 fla·
679 2748 787 2829 veru,
801 2728 867 2807 cui
883 2729 996 2809 notio
1010 2720 1106 2808 clara
1121 2723 1330 2832 respondet.

450 2817 643 2908 ridlfinlffl·
783 2843 969 2915 Terminus
982 2843 1073 2912 enim
1089 2835 1583 2934 cstvoxnotionemfignificans
1599 2842 1705 2940 (§.'36.
1715 2845 1748 2937 ):
1764 2843 1990 2942 quamobrem

734 2964 814 3014 cum
830 2945 925 3015 notio
943 2941 998 3013 vel
1015 2939 1104 3012 clam
1118 2937 1167 3029 fit,
1180 2942 1236 3013 vel
1252 2936 1441 3031 obscuram.
1453 2954 1508 3027 80.
1518 2945 1540 3031 ),
1548 2948 1685 3015 termini
1699 2969 1836 3041 quoque
1846 2950 1989 3024 eandem

740 3040 964 3118 differentiam
989 3042 1180 3113 admittunt.
1233 3047 1345 3123 Vocet
1369 3043 1488 3137 igitur,
1504 3044 1619 3132 homo,
1632 3069 1748 3141 equus,
1762 3046 1838 3137 Sol,
1859 3074 1993 3145 ventus,

740 3150 807 3234 nix,
824 3148 945 3244 pruina
954 3139 1031 3217 sunt
1038 3145 1176 3215 termini
1184 3144 1275 3232 clari,
1285 3146 1496 3240 quoniamiis
1511 3148 1664 3218 notiones
1674 3144 1990 3250 claraerespondent,

740 3250 839 3319 itaut
854 3271 907 3320 ret
922 3244 1047 3318 oblatas
1062 3239 1286 3338 agnoscamus,
1302 3243 1423 3343 quibus
1432 3250 1571 3318 nomina
1586 3245 1645 3318 iste
1659 3253 1875 3324 conueniunt.
1904 3258 1993 3331 Con·

680 3366 689 3377 ·
735 3368 788 3420 tra
807 3371 890 3420 vero
913 3346 1084 3419 entelechia
1106 3348 1281 3439 Aristotele
1301 3342 1349 3417 est
1364 3347 1529 3419 terminus
1545 3342 1722 3439 obscurus,
1737 3374 1816 3425 cum
1829 3380 1901 3433 non
1914 3354 1989 3435 latit

735 3443 872 3537 constet,
889 3449 972 3547 quid
986 3440 1055 3546 ipse
1070 3471 1108 3519 ea
1130 3472 1215 3521 voce
1229 3446 1410 3543 indigitare
1425 3446 1580 3522 voluerit

1252 3582 1287 3666 §-
1345 3580 1406 3666 82·

462 3706 629 3779 mma
826 3683 926 3767 Fieri
937 3678 1073 3789 potest,
1090 3701 1132 3765 ut
1146 3687 1321 3765 mourut
1334 3683 1385 3766 ali
1433 3680 1520 3788 t‘sstt
1542 3682 1652 3769 alteri
1666 3685 1869 3808 clarunqm’
1883 3694 1995 3783 alters·

456 3806 543 3881 idem
572 3824 628 3874 cur
693 3794 742 3906 est
757 3791 931 3899 ciffcurus.
986 3792 1090 3879 Fieri
1106 3801 1211 3879 enim
1226 3798 1359 3907 potest,
1376 3818 1419 3879 ut
1436 3826 1533 3883 unus
1549 3798 1683 3885 habeat
1711 3808 1912 3891 notionem
1937 3818 1994 3897 rei

456 3898 850 4028 untflarzusslwlnram,
865 3913 972 4013 cujus
993 3911 1085 3994 alter
1101 3911 1249 3996 nonnisi
1271 3911 1468 3998 obscurum
1489 3914 1603 3999 habet
1618 3919 1782 4027 (Μελ).
1843 3920 1995 4044 Qodfi

458 4002 677 4103 “mistum
692 4030 808 4137 igitur
829 4047 989 4138 uterque
1013 4033 1163 4111 noverit
1189 4032 1397 4113 terminum
1425 4035 1577 4116 notioni
1601 4034 1658 4115 isti
1688 4033 1997 4151 respondentem,

692 4142 798 4231 alteri
813 4147 883 4226 erit
896 4138 1031 4249 clarus,
1052 4140 1155 4226 alteri
1165 4141 1345 4229 obscurus
1361 4146 1415 4257 (ᾗ.
1425 4159 1477 4246 81.
1488 4146 1521 4257 ).
1575 4144 1844 4241 Similiterfieri
1856 4165 1998 4273 potest,

692 4282 735 4344 ut
751 4279 908 4371 uterque
921 4256 1057 4341 habent
1072 4256 1155 4365 rei,
1177 4286 1258 4372 qur
1273 4267 1439 4347 termino
1452 4262 1582 4375 eliquo
1611 4262 1832 4371 denotatur,
1862 4280 1997 4363 notio.

690 4402 782 4458 nem
797 4372 963 4481 clarum,
983 4374 1049 4459 sed
1072 4394 1115 4457 ut
1129 4374 1220 4458 ulter
1243 4380 1365 4483 norit,
1391 4380 1448 4462 rei
1465 4378 1524 4459 illi
1538 4378 1754 4462 denotando
1785 4395 1998 4481 terminum

687 4494 907 4605 convenire,
922 4488 1028 4581 alteri
1053 4510 1183 4587 cutem
1209 4492 1389 4613 ueniant
1415 4492 1580 4601 muster,
1596 4494 1703 4611 quod
1728 4501 1765 4582 ci
1792 4504 1997 4619 indigitan.

1936 4628 1994 4713 de
