4834 5634
772 634 855 743 De
872 628 1006 741 enada
1021 636 1147 743 alsat
1160 626 1432 769 resatattdi.
1635 670 1754 789 749

447 860 629 974 sententia
645 857 927 971 consequentias
944 860 1145 967 ridiculas,
1170 864 1232 947 vel
1247 866 1473 975 periculosas
1490 868 1635 981 colligit
1651 938 1664 979 ,
1683 900 1754 959 no·
1768 882 1982 974 statantaade

446 1006 536 1063 cere
549 1002 630 1059 non
645 975 824 1055 intendat.
879 972 982 1059 Non
998 976 1076 1059 alio
1102 983 1218 1087 igitur
1241 987 1372 1066 animo
1397 1010 1458 1067 eas
1483 984 1585 1069 elicit
1609 989 1669 1071 vel
1693 1018 1754 1075 eas
1777 992 1914 1060 oriatur.

444 1092 537 1177 inde
550 1096 669 1175 fluere
685 1092 915 1199 contendit,
938 1120 1053 1203 quam
1075 1114 1118 1175 ut
1136 1096 1334 1203 ostendat,
1361 1100 1580 1185 sententiam
1604 1104 1757 1191 alterius

442 1209 517 1293 esse
531 1204 753 1311 ridiculam,
766 1206 829 1289 vel
846 1205 1094 1315 periculosam
1112 1214 1133 1319 (
1144 1212 1174 1317 s.
1195 1218 1356 1320 1042),
1376 1235 1439 1295 aut
1458 1238 1499 1297 ut
1514 1214 1757 1304 saltemevin-
1825 1251 1827 1255 ·

442 1348 525 1427 cat,
542 1350 628 1405 eam
647 1319 719 1403 elle
735 1319 863 1403 salsam
882 1324 941 1431 (q.
963 1327 1110 1433 1039.)
1168 1322 1246 1406 Sed
1262 1328 1328 1409 hic
1343 1328 1478 1411 suffieit
1497 1388 1509 1433 ,-
1535 1355 1575 1415 ut
1593 1334 1756 1418 demon-

442 1438 845 1547 stret‚consequentias
860 1440 942 1520 isias
963 1442 1052 1520 inde
1069 1444 1186 1521 fluere
1200 1442 1263 1549 (p.
1285 1444 1315 1549 ᾗ.
1327 1446 1419 1551 cit.)
1474 1444 1584 1555 Ergo
1601 1450 1668 1531 alia
1685 1454 1752 1533 ad«

440 1556 520 1658 ,esse
536 1552 648 1637 debet
664 1557 761 1635 tatio
770 1582 859 1659 ,cur
877 1554 1029 1637 easdem
1045 1554 1152 1636 alteri
1168 1560 1339 1665 imputet.
1397 1556 1594 1646 Intrinseca
1613 1595 1660 1645 ex
1678 1596 1749 1649 no-

387 1705 389 1711 ·
441 1678 551 1755 tione
567 1668 802 1753 refutationis
816 1668 979 1751 derivata
998 1674 1096 1751 ratio
1114 1680 1204 1753 cotti
1221 1670 1322 1753 nulla
1336 1672 1401 1754 hic
1418 1668 1506 1757 adsit
1523 1681 1582 1787 (q.
1594 1707 1706 1789 1004.
1719 1688 1755 1787 ),

441 1786 655 1871 extrinseca:
676 1784 796 1865 adesse
814 1782 953 1865 debent
977 1785 1039 1895 (p.
1055 1788 1170 1894 cin),
1192 1788 1364 1898 adeoque
1381 1794 1421 1869 in
1435 1794 1609 1899 prasente
1627 1782 1751 1881 calita

438 1900 617 1987 facultate
635 1904 835 2007 appetitiva
852 1900 1033 2007 petendae
1085 1898 1285 2013 Qroniam
1301 1908 1429 2015 itaque
1446 1904 1564 2017 liquet
1573 1918 1750 2023 etnn,qui

435 1996 715 2127 impugnatur,
739 2014 801 2095 vel
826 2012 1034 2119 refutatur„
1058 2018 1098 2095 vi
1123 2016 1479 2127 consequentiarum
1504 2025 1747 2110 ridicularum

433 2136 647 2219 minimum
664 2133 871 2238 imperitis,
893 2131 1066 2243 adeoque
1082 2128 1280 2240 plurimis,
1304 2129 1554 2219 deridendum
1570 2146 1752 2249 propina«

435 2254 492 2353 η’,
508 2251 548 2330 vi
566 2244 920 2355 consequentiarum
938 2265 1065 2327 autem
1082 2245 1379 2355 periculosarum
1396 2242 1505 2334 santa
1524 2278 1566 2335 ac
1585 2252 1747 2337 fortune

435 2361 652 2475 periculum
667 2362 794 2443 eidem
812 2368 956 2465 creati,
980 2360 1047 2441 ubi
1063 2365 1306 2470 imputationi
1335 2366 1428 2447 fides
1454 2366 1643 2464 habetata
1672 2378 1749 2453 evi«

435 2480 713 2563 deusomnino
727 2480 778 2558 est
793 2478 1075 2588 consequentias
1101 2478 1275 2561 ridiculas
1302 2480 1588 2591 &periculosas
1615 2490 1750 2571 animo

434 2594 604 2679 nocendi
623 2597 814 2702 imputari.
1246 2700 1249 2705 1

527 2710 630 2782 'Idem
649 2712 804 2779 ominum
821 2700 1059 2779 evidentissime
1076 2731 1118 2779 eo
1134 2710 1171 2778 in
1188 2704 1262 2780 casu
1280 2736 1297 2779 a
1324 2732 1435 2810 paret,
1461 2703 1541 2804 fi'is,
1560 2720 1615 2787 eui·
1634 2703 1746 2790 conse·-

441 2825 446 2834 ’
488 2815 633 2909 quentiae
649 2807 795 2883 molestae
812 2811 1034 2981 imputantur,
1046 2804 1166 2879 diserte
1181 2835 1237 2881 eas
1254 2736 1475 2911 respuiqcum
1493 2816 1746 2915 propofitiones

488 2914 607 2985 iisdem
622 2914 801 2983 cortrarias
812 2910 852 2981 de
870 2908 976 2981 endat.
1001 2910 1116 3007 alajot
1132 2936 1217 2983 veto
1229 2913 1385 3010 iniquitas
1401 2914 1497 3003 est‚n
1512 2922 1586 3015 quis
1603 2919 1744 2993 demom·

487 3010 671 3086 strareaon
686 3016 820 3084 noverit
836 3007 1089 3107 consequentias
1105 3009 1276 3102 molestas,
1301 3042 1381 3111 quas
1399 3019 1493 3088 alteri
1507 3024 1614 3091 invito
1631 3024 1747 3121 impar·

487 3138 556 3199 tat,
569 3114 667 3203 &,ut
683 3114 792 3209 aliqua
808 3116 879 3184 veri
896 3107 1004 3211 speeie
1020 3116 1198 3209 imputatio
1217 3110 1284 3203 siat,
1296 3114 1437 3188 affirmet
1453 3118 1594 3192 alterum
1613 3147 1745 3222 propo‘

484 3214 618 3291 sitiones
631 3218 672 3288 iis
686 3218 868 3289 conuarias
882 3238 953 3283 non
968 3212 1034 3283 alio
1050 3212 1118 3285 fine
1132 3208 1315 3287 defendere·
1329 3268 1342 3305 ,-
1361 3244 1462 3313 quam
1483 3244 1521 3289 ut
1543 3219 1705 3292 leslorem
1722 3246 1743 3291 a

483 3316 637 3435 periculo
652 3312 818 3388 sententia
832 3311 896 3387 suas
912 3312 1208 3417 atrimadvertendo
1224 3313 1375 3391 divertat.
1425 3321 1537 3390 lmmo
1553 3322 1660 3393 adhuc
1672 3350 1739 3395 ma⁴

480 3444 537 3518 por
551 3424 706 3515 iniquitas
722 3423 785 3489 erit
802 3477 811 3505 ‚
834 3418 892 3490 ubi
909 3418 983 3513 quis
999 3442 1042 3487 ne
1058 3418 1209 3487 monitus
1233 3418 1368 3515 quidem
1385 3412 1426 3489 ala
1442 3420 1646 3517 imputandis
1661 3448 1745 3496 eone

481 3514 663 3619 sequentiis
679 3518 814 3607 desistit,
827 3518 883 3591 etsi
899 3515 1200 3591 demonstrationes
1213 3541 1419 3617 provocatus
1435 3518 1514 3591 dare
1527 3526 1741 3619 nequit,ver⁴

478 3614 606 3694 borum
624 3619 886 3709 deterserimus,
902 3616 1025 3717 quibus
1041 3622 1180 3707 nit-itur,
1201 3622 1374 3695 evidenter
1390 3618 1552 3695 refutatis.
1605 3629 1744 3699 Dantur·

484 3722 664 3796 adhucalii
675 3726 856 3819 iniquitatis
870 3724 971 3821 hujus
985 3722 1125 3815 gratim,
1138 3719 1196 3793 sed·
1206 3726 1266 3817 qui
1283 3722 1383 3815 logici
1399 3718 1468 3795 fori
1483 3750 1552 3796 non
1570 3719 1655 3799 sunt.
1683 3730 1743 3803 Ala

479 3822 644 3920 exemplis
660 3822 861 3895 abstinemus
877 3854 885 3893 :
903 3824 1056 3897 dolemus
1073 3828 1183 3909 enim,
1199 3822 1292 3919 quod
1307 3829 1502 3901 communia·
1515 3826 1621 3901 hodie·
1633 3828 1743 3904 llum:

478 3952 553 4001 non
568 3925 744 4001 emolliant
759 3950 888 4013 mores,
905 3916 962 3998 sed¹
972 3924 1065 3999 feros
1082 3922 1280 4029 esleRsinantr

1010 4048 1099 4111 310
1129 4030 1168 4116 6.

543 4142 848 4261 Cottse'qaeatiart'i
863 4028 1061 4247 dicuntia,
1072 4054 1138 4257 qia
1156 4142 1439 4255 consequentiis
1457 4134 1737 4229 aliosineumn-
1765 4124 1971 4265 Ctdstqtldis¹

427 4276 516 4365 tur,
532 4284 645 4371 quam
662 4262 793 4341 animo
809 4256 1004 4341 refutandi.
1035 4256 1235 4343 Vocantur
1252 4266 1366 4343 etiam
1376 4261 1521 4355 Jutlictt
1537 4264 1734 4386 eotfiqtten·
1763 4254 1860 4369 afara·
1870 4244 1983 4333 deae·

430 4376 1231 4487 amant-cnon,consequentiarumfalrt.
1762 4370 1821 4421 aa.>

528 4492 660 4587 Judices
676 4487 1275 4590 consequentiariiappellanmtgquia
1292 4513 1331 4565 ex
1347 4482 1605 4588 consequentiis,
1615 4484 1738 4595 quilius

480 4588 703 4667 dissentientes
718 4612 878 4684 onerant,
894 4592 1079 4667 temerarie
1094 4590 1377 4694 iisdemjudicant
1391 4620 1399 4679 ;
1422 4590 1736 4695 consequentiarum

478 4716 566 4775 vtro
578 4692 766 4797 fabriquia·
776 4692 1027 4798 consequentias
1043 4694 1301 4874 finffinslqm
1314 4720 1353 4773 ex
1365 4694 1654 4799 propositionibus
1671 4706 1736 4775 itta
