4834 5634
1270 901 1407 1042 56
1990 888 2409 1031 oapJV.
2479 890 2644 1005 De
2671 890 3140 1003 Methodo

1271 1157 1423 1244 que
1451 1129 1609 1211 duo
1642 1126 1826 1209 sunt.
1940 1121 2113 1207 Aut
2140 1125 2458 1204 enimin
2488 1122 3073 1208 demonstrando
3119 1125 3408 1205 utimur
3437 1122 3900 1235 propofitiod

1274 1245 1496 1329 nibus
1524 1266 1881 1355 tanquam
1906 1242 2334 1349 principiis,
2378 1265 2540 1348 quae
2572 1238 2872 1347 prorsus
2903 1264 3063 1319 non
3093 1238 3732 1345 demonstrantur,
3763 1260 3904 1324 aut

1272 1390 1437 1475 quae
1470 1362 1787 1444 demum
1830 1356 2430 1439 demonstrantur
2475 1356 2556 1434 in
2599 1351 3096 1464 sequentibus.
3211 1351 3450 1437 Castis
3493 1359 3708 1465 prior
3741 1356 3904 1439 hue

1275 1506 1437 1561 non
1469 1474 1775 1587 spestat:
1835 1472 1934 1553 de
1964 1498 2061 1553 eo
2093 1474 2300 1551 enim
2331 1472 2484 1571 jam
2516 1469 2850 1551 diximus
2881 1489 3049 1551 ante
3067 1475 3166 1579 (§.
3189 1472 3400 1577 ¹17·)·
3501 1467 3628 1553 De
3657 1472 3912 1581 poste-

1278 1596 1466 1677 riori
1498 1598 1746 1702 itaque
1774 1586 2251 1695 intelligenda
2286 1584 2389 1666 est
2423 1580 2842 1694 propositio
2871 1584 3206 1693 presens.
3291 1582 3480 1688 Ejus
3511 1591 3911 1671 veritatem

1280 1711 1383 1793 ita
1412 1713 1849 1790 evincimus.
1965 1699 2055 1783 In
2071 1698 2552 1810 philosophia
2583 1699 3035 1783 studendum
3067 1702 3172 1782 est
3189 1703 3623 1785 certitudini
3655 1706 3915 1785 omni-

1284 1824 1575 1925 modae,
1608 1826 1709 1903 ita
1742 1841 1825 1902 ut
1860 1816 2048 1898 nihil
2079 1815 2380 1926 prorsus
2412 1814 2626 1896 dubii
2653 1812 2956 1924 superfit
2985 1820 3110 1925 (S.
3149 1816 3333 1924 33.)
3449 1814 3752 1931 Qiodsi
3781 1816 3922 1901 de-

1284 1941 1908 2024 monstrationem
1964 1931 2421 2039 ingrediatur
2476 1928 2900 2039 propolitio
2971 1950 3328 2043 tanquam
3395 1935 3910 2041 principium,

1286 2082 1450 2168 quae
1482 2060 1561 2135 in
1594 2047 2087 2135 anterioribus
2136 2046 2486 2129 nondum
2533 2042 2678 2127 fuit
2715 2046 3253 2149 demonstrata,
3325 2046 3652 2129 dubium
3685 2046 3914 2131 nobis

1286 2170 1605 2281 superest
1624 2234 1647 2274 ,
1680 2194 1773 2248 an
1801 2192 1886 2245 ea
1916 2189 2089 2245 vera
2122 2161 2245 2265 fit,
2278 2186 2417 2243 nec
2449 2186 2586 2265 ne,
2631 2161 3172 2275 consequenter
3202 2162 3352 2271 ipsa
3387 2190 3702 2275 quoque
3726 2188 3916 2272 'pro-

1286 2284 1562 2398 pofitio
1582 2349 1605 2389 ,
1680 2284 1893 2385 cujus
1927 2278 2646 2361 demonstrationem
2659 2281 3120 2386 principium
3135 2276 3458 2361 dubium
3473 2278 3920 2387 ingreditur,

1292 2401 1519 2484 dubia
1564 2416 1813 2481 manet
1856 2416 2078 2508 atque
2124 2398 2420 2475 incerta.
2537 2386 3072 2513 Qamobrem
3103 2420 3287 2475 cum
3318 2394 3400 2475 id
3437 2394 3916 2479 omnimode

1276 2516 1725 2599 certitudini
1782 2531 2147 2621 repugnet
2184 2573 2210 2612 ,
2300 2532 2530 2619 quam
2587 2506 2824 2589 adeffe
2871 2506 3142 2588 debere
3187 2506 3922 2605 demonstravimus3

1292 2630 1845 2743 propositiones
1894 2632 1973 2707 in
2024 2620 2518 2705 anterioribus
2562 2622 3150 2705 demonstranda:
3198 2622 3365 2705 sunt
3389 2689 3414 2727 ‚
3471 2652 3640 2737 quat
3670 2626 3924 2737 poste-

1296 2752 1590 2829 riorum
1620 2743 2289 2826 demonstrationes
2323 2757 2676 2847 tanquam
2714 2742 3078 2848 principia
3111 2740 3656 2846 ingrediuntur.
3763 2738 3924 2829 Effi

1294 2882 1549 2945 autem
1581 2856 2049 2943 obstaculum
2076 2873 2599 2956 removeatur,
2671 2851 2804 2937 ubi
2842 2858 2920 2932 in
2954 2854 3430 2963 sequentibus
3461 2854 3926 2967 propositio-

1294 3004 1429 3059 nes
1460 2978 1603 3058 istae
1637 2972 2279 3071 demonstrantur,
2348 2994 2530 3079 quas
2565 2974 2644 3048 in
2675 2967 3171 3051 anterioribus
3200 2970 3736 3080 supposuimus
3764 2993 3928 3054 tan-

1294 3118 1527 3205 quam
1558 3116 1807 3181 veras;
1856 3087 1936 3168 id
1964 3106 2216 3169 tamen
2245 3082 2495 3165 adhuc
2524 3085 3008 3167 incommodi
3039 3106 3400 3189 remanet,
3417 3086 3632 3199 quod
3663 3088 3932 3172 taedio-

1294 3210 1381 3292 so
1423 3205 1679 3288 labore
1709 3204 2023 3286 demum
2054 3196 2588 3310 inquirendum
2619 3196 2728 3306 sit,
2757 3228 2946 3281 num
2979 3198 3304 3284 circulus
3328 3198 3578 3283 forsan
3609 3202 3928 3291 vitiosus

1298 3328 1379 3407 in
1413 3318 1993 3404 demonstrando
2042 3314 2264 3398 fuerit
2309 3312 2681 3397 admissus.
2801 3310 3339 3437 Qmobrem
3364 3344 3546 3399 cum
3574 3316 3769 3403 hinc
3799 3322 3932 3403 de-

1298 3464 1459 3525 nuo
1492 3436 1812 3519 dubium
1840 3432 2167 3515 subnasci
2217 3430 2443 3541 possit
2475 3427 2785 3535 lestori,
2842 3432 3232 3515 evidentiae
3269 3432 3714 3542 adversum,
3771 3464 3932 3551 quae

1299 3555 1539 3639 adeffe
1556 3551 1777 3637 debet
1806 3552 1931 3659 (§.
1952 3548 2109 3657 33.)
2126 3612 2154 3651 ,
2190 3549 2622 3630 minimum
2653 3566 2916 3657 praeter
2945 3547 3448 3631 neceffitatem
3477 3550 3796 3636 taedium
3819 3554 3929 3635 ei-

1298 3674 1479 3757 dem
1512 3689 1804 3753 creetur
1836 3672 1916 3749 in
1946 3661 2462 3747 examinandis
2492 3660 3104 3772 propositionum
3135 3663 3924 3771 demonstrationibus

1296 3816 1458 3901 quae
1487 3813 1655 3867 eam
1691 3783 2211 3889 ingrediuntur
2228 3844 2253 3883 ,
2308 3804 2542 3889 quam
2571 3776 2894 3863 inferius
2923 3778 3240 3861 demum
3265 3780 3920 3865 demonstrandam

1298 3909 1379 3985 in
1406 3897 1901 3983 anterioribus
1937 3902 2207 3977 interea
2240 3894 2609 3976 sumimus
2640 3924 2663 3987 3
2779 3914 2864 3977 ut
2909 3897 3166 3976 omnis
3199 3894 3464 3977 circuli
3495 3903 3578 3979 in
3609 3902 3924 3983 demum

1298 4018 1598 4103 strando
1632 4033 1881 4095 metus
1914 4010 2333 4111 evanescat,
2386 4014 2587 4123 quiS,
2609 4009 2898 4119 quaeso,
2933 4008 3387 4091 inficiabitur
3413 4076 3439 4117 ,
3495 4016 3577 4095 in
3611 4020 3938 4101 anterio-

1300 4135 1507 4219 ribus
1553 4126 2162 4212 demonstrandas
2210 4122 2355 4206 effe
2384 4122 2938 4239 propositiones
2954 4194 2980 4235 ,
3059 4152 3222 4237 quae
3255 4127 3936 4219 demonstrationes

1614 4250 1633 4267 ο
1815 4248 1829 4263 ο
2080 4248 2093 4263 ο
2344 4236 2372 4297 )

1302 4244 2069 4435 sequeiiiitldltnliirliggdiiedl
2051 4273 2097 4430 o¹
2101 4261 2676 4457 1{iiiitigiiiitionunn
2691 4355 3022 4455 {imulque
3039 4355 3460 4453 intelligitur,
3475 4384 3618 4433 non
3645 4356 3938 4459 perinde

1412 4462 1971 4561 ess‘e,quocunque
1988 4465 2059 4533 in
2070 4461 2223 4536 loco
2242 4456 2618 4561 propolitio
2631 4460 2853 4559 aliqua
2873 4464 2944 4533 in
2959 4460 3256 4535 medium
3270 4456 3608 4550 afferatur,
3622 4460 3738 4535 ubi
3753 4484 3940 4535 curae

1418 4568 1543 4643 tibi
1558 4562 1766 4641 fuerit
1780 4565 2122 4662 cordique,
2136 4586 2215 4636 ut
2230 4584 2468 4633 omnes
2485 4555 2880 4663 philosophi
2895 4583 3119 4659 purte:
3141 4560 3532 4663 adimpleo,
3543 4586 3630 4635 ne
3656 4564 3808 4659 quis
3831 4564 3942 4658 ju·

1412 4699 1488 4749 re
1520 4668 1865 4769 quidpiam
1899 4661 2395 4766 reprehendere
2429 4662 2644 4759 poffit.
2749 4668 2896 4737 Cur
2909 4666 2982 4735 in
3007 4662 3143 4737 hoe
3173 4658 3466 4737 discursu
3494 4660 3944 4763 praeliminari

1337 4837 1347 4852 .
1413 4773 1610 4855 haud·
1626 4796 1964 4871 quaquam
1980 4764 2125 4841 fieri
2138 4764 2458 4867 potuerit,
2467 4787 2550 4839 ut
2565 4762 2792 4840 ordini
2817 4762 3290 4841 definitionum
3301 4762 3372 4837 ἃ
3383 4762 3942 4869 propositionum

1407 4900 1497 4973 px
1514 4863 1641 4951 affe
1655 4867 2209 4962 satisficeremus,
2220 4862 2508 4947 diximus
2523 4871 2600 4951 in
2615 4860 3074 4973 superioribus
3089 4874 3254 4967 (not.
3269 4872 3326 4968 §-
3335 4876 3500 4976 30.)-

3719 5074 3776 5165 §-
3820 5033 3934 5151 12'1.
