<?xml version="1.0" encoding="UTF-8"?>
<!DOCTYPE html PUBLIC "-//W3C//DTD XHTML 1.0 Transitional//EN"
    "http://www.w3.org/TR/xhtml1/DTD/xhtml1-transitional.dtd">
<html xmlns="http://www.w3.org/1999/xhtml" xml:lang="en" lang="en">
 <head>
  <title>
</title>
<meta http-equiv="Content-Type" content="text/html;charset=utf-8" />
  <meta name='ocr-system' content='tesseract 3.04.00' />
  <meta name='ocr-capabilities' content='ocr_page ocr_carea ocr_par ocr_line ocrx_word'/>
</head>
<body>
  <div class='ocr_page' id='page_1' title='image "./philosophiarati00wolfgoog_0291.png"; bbox 0 0 4834 5634; ppageno 0'>
   <div class='ocr_carea' id='block_1_1' title="bbox 715 830 1738 978">
    <p class='ocr_par' dir='ltr' id='par_1_1' title="bbox 715 830 1738 978">
     <span class='ocr_line' id='line_1_1' title="bbox 715 830 1738 978; baseline 0.004 -39"><span class='ocrx_word' id='word_1_1' title='bbox 715 834 1042 976; x_wconf 81' lang='lat' dir='ltr'>Jndiciorum</span> <span class='ocrx_word' id='word_1_2' title='bbox 1062 830 1412 972; x_wconf 63' lang='lat' dir='ltr'>efficiionibas.</span> <span class='ocrx_word' id='word_1_3' title='bbox 1643 861 1738 978; x_wconf 85' lang='lat'>271</span> 
     </span>
    </p>
   </div>
   <div class='ocr_carea' id='block_1_2' title="bbox 474 1058 1739 1338">
    <p class='ocr_par' dir='ltr' id='par_1_2' title="bbox 474 1058 1739 1338">
     <span class='ocr_line' id='line_1_2' title="bbox 525 1058 1739 1163; baseline 0 -26"><span class='ocrx_word' id='word_1_4' title='bbox 525 1060 618 1157; x_wconf 69' lang='lat' dir='ltr'>Egr.</span> <span class='ocrx_word' id='word_1_5' title='bbox 637 1062 671 1135; x_wconf 89' lang='lat' dir='ltr'>Si</span> <span class='ocrx_word' id='word_1_6' title='bbox 685 1063 890 1161; x_wconf 84' lang='lat' dir='ltr'>quitjudieia</span> <span class='ocrx_word' id='word_1_7' title='bbox 904 1058 1034 1135; x_wconf 87' lang='lat' dir='ltr'>format</span> <span class='ocrx_word' id='word_1_8' title='bbox 1050 1060 1091 1134; x_wconf 89' lang='lat' dir='ltr'>de</span> <span class='ocrx_word' id='word_1_9' title='bbox 1107 1089 1158 1151; x_wconf 88' lang='lat' dir='ltr'>eo,</span> <span class='ocrx_word' id='word_1_10' title='bbox 1169 1060 1262 1163; x_wconf 88' lang='lat' dir='ltr'>quod</span> <span class='ocrx_word' id='word_1_11' title='bbox 1277 1088 1294 1133; x_wconf 92' lang='lat' dir='ltr'>a</span> <span class='ocrx_word' id='word_1_12' title='bbox 1309 1062 1411 1137; x_wconf 78' lang='lat' dir='ltr'>rebus</span> <span class='ocrx_word' id='word_1_13' title='bbox 1427 1060 1650 1152; x_wconf 74' lang='lat' dir='ltr'>naturalibus,</span> <span class='ocrx_word' id='word_1_14' title='bbox 1665 1082 1739 1137; x_wconf 82' lang='lat' dir='ltr'>tan-</span> 
     </span>
     <span class='ocr_line' id='line_1_3' title="bbox 474 1158 1737 1338; baseline 0.001 -100"><span class='ocrx_word' id='word_1_15' title='bbox 474 1188 575 1338; x_wconf 73' lang='lat' dir='ltr'>quam</span> <span class='ocrx_word' id='word_1_16' title='bbox 589 1158 704 1252; x_wconf 76' lang='lat' dir='ltr'>ceusu,</span> <span class='ocrx_word' id='word_1_17' title='bbox 721 1160 884 1263; x_wconf 80' lang='lat' dir='ltr'>proficisci</span> <span class='ocrx_word' id='word_1_18' title='bbox 902 1162 1018 1265; x_wconf 85' lang='lat' dir='ltr'>poffit,</span> <span class='ocrx_word' id='word_1_19' title='bbox 1034 1158 1088 1235; x_wconf 82' lang='lat' dir='ltr'>seu</span> <span class='ocrx_word' id='word_1_20' title='bbox 1114 1165 1156 1237; x_wconf 88' lang='lat' dir='ltr'>de</span> <span class='ocrx_word' id='word_1_21' title='bbox 1174 1188 1290 1237; x_wconf 88' lang='lat' dir='ltr'>carum</span> <span class='ocrx_word' id='word_1_22' title='bbox 1310 1161 1509 1259; x_wconf 74' lang='lat' dir='ltr'>effcffibur3</span> <span class='ocrx_word' id='word_1_23' title='bbox 1535 1189 1611 1249; x_wconf 82' lang='lat' dir='ltr'>cum</span> <span class='ocrx_word' id='word_1_24' title='bbox 1631 1164 1737 1239; x_wconf 87' lang='lat' dir='ltr'>iidem</span> 
     </span>
    </p>
   </div>
   <div class='ocr_carea' id='block_1_3' title="bbox 464 1255 1857 3199">
    <p class='ocr_par' dir='ltr' id='par_1_3' title="bbox 464 1255 1857 3199">
     <span class='ocr_line' id='line_1_4' title="bbox 498 1255 1734 1364; baseline 0 -27"><span class='ocrx_word' id='word_1_25' title='bbox 498 1262 668 1338; x_wconf 82' lang='lat' dir='ltr'>ntriribus</span> <span class='ocrx_word' id='word_1_26' title='bbox 681 1255 857 1340; x_wconf 73' lang='lat' dir='ltr'>causarum</span> <span class='ocrx_word' id='word_1_27' title='bbox 868 1264 1153 1364; x_wconf 84' lang='lat' dir='ltr'>proportioneies,</span> <span class='ocrx_word' id='word_1_28' title='bbox 1161 1265 1295 1338; x_wconf 83' lang='lat' dir='ltr'>nullum</span> <span class='ocrx_word' id='word_1_29' title='bbox 1303 1260 1440 1340; x_wconf 85' lang='lat' dir='ltr'>casums</span> <span class='ocrx_word' id='word_1_30' title='bbox 1458 1264 1591 1338; x_wconf 85' lang='lat' dir='ltr'>ecialem</span> <span class='ocrx_word' id='word_1_31' title='bbox 1600 1262 1655 1336; x_wconf 88' lang='lat' dir='ltr'>vel</span> <span class='ocrx_word' id='word_1_32' title='bbox 1671 1263 1734 1337; x_wconf 87' lang='lat' dir='ltr'>sm·</span> 
     </span>
     <span class='ocr_line' id='line_1_5' title="bbox 471 1291 1734 1566; baseline -0.002 -26"><span class='ocrx_word' id='word_1_33' title='bbox 471 1291 1734 1566; x_wconf 42' lang='lat' dir='ltr'>iiiiii?dirmidium&amp;‘iiiiii{dimitrii}</span> 
     </span>
     <span class='ocr_line' id='line_1_6' title="bbox 473 1566 1733 1669; baseline -0.002 -28"><span class='ocrx_word' id='word_1_34' title='bbox 473 1566 829 1642; x_wconf 87' lang='lat' dir='ltr'>eumtedeterminata.</span> <span class='ocrx_word' id='word_1_35' title='bbox 854 1568 1405 1669; x_wconf 80' lang='lat' dir='ltr'>Applicamuthaecadexemplum</span> <span class='ocrx_word' id='word_1_36' title='bbox 1437 1567 1602 1641; x_wconf 71' lang='lat' dir='ltr'>recedens</span> <span class='ocrx_word' id='word_1_37' title='bbox 1611 1567 1733 1666; x_wconf 77' lang='lat' dir='ltr'>lapidis</span> 
     </span>
     <span class='ocr_line' id='line_1_7' title="bbox 472 1593 1732 1769; baseline -0.004 -26"><span class='ocrx_word' id='word_1_38' title='bbox 472 1667 581 1754; x_wconf 79' lang='lat' dir='ltr'>calidi,</span> <span class='ocrx_word' id='word_1_39' title='bbox 598 1691 637 1741; x_wconf 89' lang='lat' dir='ltr'>ut</span> <span class='ocrx_word' id='word_1_40' title='bbox 652 1693 821 1768; x_wconf 82' lang='lat' dir='ltr'>appareat,</span> <span class='ocrx_word' id='word_1_41' title='bbox 840 1694 964 1768; x_wconf 84' lang='lat' dir='ltr'>quanta</span> <span class='ocrx_word' id='word_1_42' title='bbox 980 1662 1281 1767; x_wconf 69' lang='lat' dir='ltr'>circumspessione</span> <span class='ocrx_word' id='word_1_43' title='bbox 1296 1695 1384 1769; x_wconf 84' lang='lat' dir='ltr'>opus</span> <span class='ocrx_word' id='word_1_44' title='bbox 1404 1593 1453 1758; x_wconf 64' lang='lat' dir='ltr'>dt,</span> <span class='ocrx_word' id='word_1_45' title='bbox 1467 1666 1490 1740; x_wconf 85' lang='lat' dir='ltr'>fi</span> <span class='ocrx_word' id='word_1_46' title='bbox 1505 1668 1547 1744; x_wconf 88' lang='lat' dir='ltr'>de</span> <span class='ocrx_word' id='word_1_47' title='bbox 1569 1667 1732 1742; x_wconf 88' lang='lat' dir='ltr'>contradi·</span> 
     </span>
     <span class='ocr_line' id='line_1_8' title="bbox 472 1764 1732 1869; baseline -0.006 -23"><span class='ocrx_word' id='word_1_48' title='bbox 472 1765 581 1846; x_wconf 73' lang='lat' dir='ltr'>stione</span> <span class='ocrx_word' id='word_1_49' title='bbox 598 1770 764 1867; x_wconf 84' lang='lat' dir='ltr'>judicium</span> <span class='ocrx_word' id='word_1_50' title='bbox 781 1768 874 1845; x_wconf 87' lang='lat' dir='ltr'>ferre</span> <span class='ocrx_word' id='word_1_51' title='bbox 891 1771 989 1845; x_wconf 83' lang='lat' dir='ltr'>nobit</span> <span class='ocrx_word' id='word_1_52' title='bbox 1009 1764 1243 1843; x_wconf 88' lang='lat' dir='ltr'>visumfuerit.</span> <span class='ocrx_word' id='word_1_53' title='bbox 1292 1775 1327 1842; x_wconf 90' lang='lat' dir='ltr'>Si</span> <span class='ocrx_word' id='word_1_54' title='bbox 1337 1774 1422 1869; x_wconf 81' lang='lat' dir='ltr'>lapis</span> <span class='ocrx_word' id='word_1_55' title='bbox 1430 1768 1554 1843; x_wconf 83' lang='lat' dir='ltr'>calidus</span> <span class='ocrx_word' id='word_1_56' title='bbox 1569 1764 1732 1857; x_wconf 81' lang='lat' dir='ltr'>calefacit,</span> 
     </span>
     <span class='ocr_line' id='line_1_9' title="bbox 475 1866 1857 1971; baseline -0.001 -28"><span class='ocrx_word' id='word_1_57' title='bbox 475 1866 757 1971; x_wconf 73' lang='lat' dir='ltr'>eumsubjessum,</span> <span class='ocrx_word' id='word_1_58' title='bbox 774 1897 846 1947; x_wconf 91' lang='lat' dir='ltr'>tum</span> <span class='ocrx_word' id='word_1_59' title='bbox 864 1872 1244 1971; x_wconf 71' lang='lat' dir='ltr'>predicatumaccurate</span> <span class='ocrx_word' id='word_1_60' title='bbox 1266 1872 1480 1947; x_wconf 85' lang='lat' dir='ltr'>determinari</span> <span class='ocrx_word' id='word_1_61' title='bbox 1501 1868 1617 1960; x_wconf 82' lang='lat' dir='ltr'>debet3</span> <span class='ocrx_word' id='word_1_62' title='bbox 1640 1874 1730 1943; x_wconf 86' lang='lat' dir='ltr'>eirca</span> <span class='ocrx_word' id='word_1_63' title='bbox 1851 1904 1857 1913; x_wconf 90' lang='lat'><strong>·</strong></span> 
     </span>
     <span class='ocr_line' id='line_1_10' title="bbox 474 1965 1728 2072; baseline -0.001 -24"><span class='ocrx_word' id='word_1_64' title='bbox 474 1965 659 2071; x_wconf 68' lang='lat' dir='ltr'>subjeiium</span> <span class='ocrx_word' id='word_1_65' title='bbox 680 1974 735 2050; x_wconf 82' lang='lat' dir='ltr'>vel</span> <span class='ocrx_word' id='word_1_66' title='bbox 743 1973 1012 2048; x_wconf 85' lang='lat' dir='ltr'>determinandus</span> <span class='ocrx_word' id='word_1_67' title='bbox 1022 1971 1068 2047; x_wconf 88' lang='lat' dir='ltr'>est</span> <span class='ocrx_word' id='word_1_68' title='bbox 1078 1973 1198 2046; x_wconf 81' lang='lat' dir='ltr'>caloris</span> <span class='ocrx_word' id='word_1_69' title='bbox 1206 1973 1327 2067; x_wconf 85' lang='lat' dir='ltr'>gradus</span> <span class='ocrx_word' id='word_1_70' title='bbox 1337 1998 1403 2072; x_wconf 90' lang='lat' dir='ltr'>ope</span> <span class='ocrx_word' id='word_1_71' title='bbox 1411 1970 1582 2072; x_wconf 84' lang='lat' dir='ltr'>cujusdam</span> <span class='ocrx_word' id='word_1_72' title='bbox 1596 1965 1728 2047; x_wconf 84' lang='lat' dir='ltr'>mensu·</span> 
     </span>
     <span class='ocr_line' id='line_1_11' title="bbox 472 2071 1727 2174; baseline -0.003 -25"><span class='ocrx_word' id='word_1_73' title='bbox 472 2098 516 2149; x_wconf 75' lang='lat' dir='ltr'>rt</span> <span class='ocrx_word' id='word_1_74' title='bbox 532 2071 694 2174; x_wconf 87' lang='lat' dir='ltr'>adquam</span> <span class='ocrx_word' id='word_1_75' title='bbox 713 2072 870 2165; x_wconf 86' lang='lat' dir='ltr'>refertur,</span> <span class='ocrx_word' id='word_1_76' title='bbox 883 2075 939 2149; x_wconf 84' lang='lat' dir='ltr'>vel</span> <span class='ocrx_word' id='word_1_77' title='bbox 953 2071 1090 2159; x_wconf 82' lang='lat' dir='ltr'>modus,</span> <span class='ocrx_word' id='word_1_78' title='bbox 1106 2099 1175 2173; x_wconf 91' lang='lat' dir='ltr'>quo</span> <span class='ocrx_word' id='word_1_79' title='bbox 1191 2072 1336 2148; x_wconf 92' lang='lat' dir='ltr'>eundem</span> <span class='ocrx_word' id='word_1_80' title='bbox 1352 2072 1537 2173; x_wconf 82' lang='lat' dir='ltr'>acquifivit,</span> <span class='ocrx_word' id='word_1_81' title='bbox 1560 2098 1628 2146; x_wconf 83' lang='lat' dir='ltr'>una</span> <span class='ocrx_word' id='word_1_82' title='bbox 1648 2096 1727 2147; x_wconf 89' lang='lat' dir='ltr'>eum</span> 
     </span>
     <span class='ocr_line' id='line_1_12' title="bbox 477 2171 1726 2273; baseline -0.002 -24"><span class='ocrx_word' id='word_1_83' title='bbox 477 2177 605 2261; x_wconf 83' lang='lat' dir='ltr'>eeterie&#39;,</span> <span class='ocrx_word' id='word_1_84' title='bbox 617 2200 694 2273; x_wconf 77' lang='lat' dir='ltr'>quae</span> <span class='ocrx_word' id='word_1_85' title='bbox 702 2178 842 2251; x_wconf 87' lang='lat' dir='ltr'>adhunc</span> <span class='ocrx_word' id='word_1_86' title='bbox 849 2177 990 2269; x_wconf 86' lang='lat' dir='ltr'>gradum</span> <span class='ocrx_word' id='word_1_87' title='bbox 1006 2174 1120 2271; x_wconf 86' lang='lat' dir='ltr'>aliquo</span> <span class='ocrx_word' id='word_1_88' title='bbox 1134 2171 1239 2247; x_wconf 91' lang='lat' dir='ltr'>modo</span> <span class='ocrx_word' id='word_1_89' title='bbox 1257 2200 1483 2263; x_wconf 84' lang='lat' dir='ltr'>concurrunt3</span> <span class='ocrx_word' id='word_1_90' title='bbox 1498 2177 1629 2247; x_wconf 88' lang='lat' dir='ltr'>ratione</span> <span class='ocrx_word' id='word_1_91' title='bbox 1644 2196 1726 2273; x_wconf 70' lang='lat' dir='ltr'>pree</span> 
     </span>
     <span class='ocr_line' id='line_1_13' title="bbox 464 2263 1729 2379; baseline -0.007 -23"><span class='ocrx_word' id='word_1_92' title='bbox 464 2263 662 2356; x_wconf 68' lang='lat' dir='ltr'>&#39;diotimo</span> <span class='ocrx_word' id='word_1_93' title='bbox 675 2275 856 2379; x_wconf 68' lang='lat' dir='ltr'>objedum,</span> <span class='ocrx_word' id='word_1_94' title='bbox 871 2277 964 2375; x_wconf 93' lang='lat' dir='ltr'>quod</span> <span class='ocrx_word' id='word_1_95' title='bbox 980 2274 1098 2365; x_wconf 86' lang='lat' dir='ltr'>calefit,</span> <span class='ocrx_word' id='word_1_96' title='bbox 1116 2276 1149 2350; x_wconf 77' lang='lat' dir='ltr'>dr</span> <span class='ocrx_word' id='word_1_97' title='bbox 1165 2273 1287 2369; x_wconf 80' lang='lat' dir='ltr'>gradus</span> <span class='ocrx_word' id='word_1_98' title='bbox 1297 2275 1430 2361; x_wconf 82' lang='lat' dir='ltr'>caloris,</span> <span class='ocrx_word' id='word_1_99' title='bbox 1447 2280 1506 2373; x_wconf 88' lang='lat' dir='ltr'>qui</span> <span class='ocrx_word' id='word_1_100' title='bbox 1519 2273 1629 2348; x_wconf 90' lang='lat' dir='ltr'>eidem</span> <span class='ocrx_word' id='word_1_101' title='bbox 1646 2298 1729 2349; x_wconf 89' lang='lat' dir='ltr'>con·</span> 
     </span>
     <span class='ocr_line' id='line_1_14' title="bbox 469 2353 1730 2479; baseline -0.002 -30"><span class='ocrx_word' id='word_1_102' title='bbox 469 2353 597 2474; x_wconf 63' lang='lat' dir='ltr'>&#39;itrtun</span> <span class='ocrx_word' id='word_1_103' title='bbox 640 2380 740 2475; x_wconf 66' lang='lat' dir='ltr'>Egr</span> <span class='ocrx_word' id='word_1_104' title='bbox 751 2376 946 2479; x_wconf 68' lang='lat' dir='ltr'>Subjedum</span> <span class='ocrx_word' id='word_1_105' title='bbox 958 2376 1236 2453; x_wconf 81' lang='lat' dir='ltr'>determinabitur</span> <span class='ocrx_word' id='word_1_106' title='bbox 1248 2433 1257 2465; x_wconf 94' lang='lat'>,</span> <span class='ocrx_word' id='word_1_107' title='bbox 1271 2376 1296 2451; x_wconf 86' lang='lat' dir='ltr'>ii</span> <span class='ocrx_word' id='word_1_108' title='bbox 1312 2376 1446 2477; x_wconf 84' lang='lat' dir='ltr'>pondua</span> <span class='ocrx_word' id='word_1_109' title='bbox 1470 2375 1591 2475; x_wconf 80' lang='lat' dir='ltr'>lapidis</span> <span class='ocrx_word' id='word_1_110' title='bbox 1609 2375 1641 2447; x_wconf 80' lang='lat' dir='ltr'>dr</span> <span class='ocrx_word' id='word_1_111' title='bbox 1657 2377 1730 2473; x_wconf 85' lang='lat' dir='ltr'>ejua</span> 
     </span>
     <span class='ocr_line' id='line_1_15' title="bbox 478 2465 1731 2579; baseline -0.005 -25"><span class='ocrx_word' id='word_1_112' title='bbox 478 2465 665 2554; x_wconf 78' lang='lat' dir='ltr'>deniitarem</span> <span class='ocrx_word' id='word_1_113' title='bbox 683 2507 751 2553; x_wconf 84' lang='lat' dir='ltr'>una</span> <span class='ocrx_word' id='word_1_114' title='bbox 764 2506 841 2555; x_wconf 84' lang='lat' dir='ltr'>cum</span> <span class='ocrx_word' id='word_1_115' title='bbox 857 2504 1011 2579; x_wconf 86' lang='lat' dir='ltr'>tempore</span> <span class='ocrx_word' id='word_1_116' title='bbox 1027 2478 1310 2566; x_wconf 79' lang='lat' dir='ltr'>determinaverit,</span> <span class='ocrx_word' id='word_1_117' title='bbox 1326 2504 1388 2579; x_wconf 86' lang='lat' dir='ltr'>per</span> <span class='ocrx_word' id='word_1_118' title='bbox 1403 2476 1495 2575; x_wconf 91' lang='lat' dir='ltr'>quod</span> <span class='ocrx_word' id='word_1_119' title='bbox 1509 2478 1608 2549; x_wconf 81' lang='lat' dir='ltr'>radiis</span> <span class='ocrx_word' id='word_1_120' title='bbox 1617 2472 1731 2550; x_wconf 82' lang='lat' dir='ltr'>solari·</span> 
     </span>
     <span class='ocr_line' id='line_1_16' title="bbox 476 2575 1728 2683; baseline -0.003 -29"><span class='ocrx_word' id='word_1_121' title='bbox 476 2576 532 2654; x_wconf 75' lang='lat' dir='ltr'>bur</span> <span class='ocrx_word' id='word_1_122' title='bbox 549 2575 973 2683; x_wconf 79' lang='lat' dir='ltr'>fuirerpofitut,drstatum</span> <span class='ocrx_word' id='word_1_123' title='bbox 989 2579 1172 2681; x_wconf 72' lang='lat' dir='ltr'>coliturque</span> <span class='ocrx_word' id='word_1_124' title='bbox 1187 2580 1274 2654; x_wconf 79' lang='lat' dir='ltr'>Solis</span> <span class='ocrx_word' id='word_1_125' title='bbox 1283 2577 1343 2654; x_wconf 88' lang='lat' dir='ltr'>isto</span> <span class='ocrx_word' id='word_1_126' title='bbox 1352 2602 1507 2678; x_wconf 84' lang='lat' dir='ltr'>tempore</span> <span class='ocrx_word' id='word_1_127' title='bbox 1516 2578 1728 2651; x_wconf 85' lang='lat' dir='ltr'>altitudinem</span> 
     </span>
     <span class='ocr_line' id='line_1_17' title="bbox 479 2676 1727 2782; baseline -0.002 -27"><span class='ocrx_word' id='word_1_128' title='bbox 479 2682 650 2757; x_wconf 83' lang='lat' dir='ltr'>minimam</span> <span class='ocrx_word' id='word_1_129' title='bbox 665 2681 904 2770; x_wconf 67' lang='lat' dir='ltr'>&amp;maximam</span> <span class='ocrx_word' id='word_1_130' title='bbox 928 2684 1143 2782; x_wconf 61' lang='lat' dir='ltr'>praedicatum</span> <span class='ocrx_word' id='word_1_131' title='bbox 1168 2681 1464 2769; x_wconf 84' lang='lat' dir='ltr'>determinabitur,</span> <span class='ocrx_word' id='word_1_132' title='bbox 1489 2676 1514 2751; x_wconf 84' lang='lat' dir='ltr'>fi</span> <span class='ocrx_word' id='word_1_133' title='bbox 1537 2703 1644 2777; x_wconf 84' lang='lat' dir='ltr'>aquae,</span> <span class='ocrx_word' id='word_1_134' title='bbox 1671 2683 1727 2752; x_wconf 85' lang='lat' dir='ltr'>cui</span> 
     </span>
     <span class='ocr_line' id='line_1_18' title="bbox 478 2779 1727 2903; baseline -0.002 -49"><span class='ocrx_word' id='word_1_135' title='bbox 478 2779 825 2903; x_wconf 76' lang='lat' dir='ltr'>hqitimmiffutfuit,</span> <span class='ocrx_word' id='word_1_136' title='bbox 858 2789 1060 2871; x_wconf 80' lang='lat' dir='ltr'>uentitatem,</span> <span class='ocrx_word' id='word_1_137' title='bbox 1082 2786 1154 2883; x_wconf 78' lang='lat' dir='ltr'>ejus</span> <span class='ocrx_word' id='word_1_138' title='bbox 1167 2782 1290 2858; x_wconf 76' lang='lat' dir='ltr'>caloris</span> <span class='ocrx_word' id='word_1_139' title='bbox 1299 2784 1452 2877; x_wconf 86' lang='lat' dir='ltr'>gradum,</span> <span class='ocrx_word' id='word_1_140' title='bbox 1468 2804 1646 2879; x_wconf 85' lang='lat' dir='ltr'>antequam</span> <span class='ocrx_word' id='word_1_141' title='bbox 1663 2784 1727 2853; x_wconf 89' lang='lat' dir='ltr'>im·</span> 
     </span>
     <span class='ocr_line' id='line_1_19' title="bbox 480 2811 1726 2986; baseline -0.003 -28"><span class='ocrx_word' id='word_1_142' title='bbox 480 2897 682 2974; x_wconf 76' lang='lat' dir='ltr'>mneremr,</span> <span class='ocrx_word' id='word_1_143' title='bbox 708 2885 742 2958; x_wconf 79' lang='lat' dir='ltr'>dr</span> <span class='ocrx_word' id='word_1_144' title='bbox 758 2891 817 2984; x_wconf 80' lang='lat' dir='ltr'>qui</span> <span class='ocrx_word' id='word_1_145' title='bbox 831 2811 972 2974; x_wconf 66' lang='lat' dir='ltr'>decuma,</span> <span class='ocrx_word' id='word_1_146' title='bbox 980 2886 1157 2986; x_wconf 88' lang='lat' dir='ltr'>postquam</span> <span class='ocrx_word' id='word_1_147' title='bbox 1165 2882 1276 2959; x_wconf 85' lang='lat' dir='ltr'>fuerat</span> <span class='ocrx_word' id='word_1_148' title='bbox 1294 2880 1467 2971; x_wconf 78' lang='lat' dir='ltr'>immissus,</span> <span class='ocrx_word' id='word_1_149' title='bbox 1485 2882 1525 2955; x_wconf 90' lang='lat' dir='ltr'>ad</span> <span class='ocrx_word' id='word_1_150' title='bbox 1533 2876 1726 2956; x_wconf 85' lang='lat' dir='ltr'>mensuram</span> 
     </span>
     <span class='ocr_line' id='line_1_20' title="bbox 480 2980 1727 3085; baseline -0.001 -27"><span class='ocrx_word' id='word_1_151' title='bbox 480 2990 690 3061; x_wconf 81' lang='lat' dir='ltr'>remeaverit.</span> <span class='ocrx_word' id='word_1_152' title='bbox 740 2984 1098 3083; x_wconf 67' lang='lat' dir='ltr'>Hiseenegleffitmon</span> <span class='ocrx_word' id='word_1_153' title='bbox 1114 2985 1299 3063; x_wconf 83' lang='lat' dir='ltr'>firmumae</span> <span class='ocrx_word' id='word_1_154' title='bbox 1310 3008 1425 3061; x_wconf 87' lang='lat' dir='ltr'>tutum</span> <span class='ocrx_word' id='word_1_155' title='bbox 1442 2986 1555 3073; x_wconf 84' lang='lat' dir='ltr'>eritde</span> <span class='ocrx_word' id='word_1_156' title='bbox 1566 2980 1727 3085; x_wconf 77' lang='lat' dir='ltr'>oppofiti·</span> 
     </span>
     <span class='ocr_line' id='line_1_21' title="bbox 481 3083 1224 3199; baseline 0.001 -35"><span class='ocrx_word' id='word_1_157' title='bbox 481 3087 584 3199; x_wconf 79' lang='lat' dir='ltr'>ene&amp;</span> <span class='ocrx_word' id='word_1_158' title='bbox 595 3090 633 3163; x_wconf 91' lang='lat' dir='ltr'>in</span> <span class='ocrx_word' id='word_1_159' title='bbox 650 3083 759 3190; x_wconf 81' lang='lat' dir='ltr'>speeie</span> <span class='ocrx_word' id='word_1_160' title='bbox 772 3084 1036 3166; x_wconf 74' lang='lat' dir='ltr'>contradidr&#39;one</span> <span class='ocrx_word' id='word_1_161' title='bbox 1047 3089 1224 3189; x_wconf 78' lang='lat' dir='ltr'>judicium.</span> 
     </span>
    </p>
   </div>
   <div class='ocr_carea' id='block_1_4' title="bbox 427 3242 1972 5109">
    <p class='ocr_par' dir='ltr' id='par_1_4' title="bbox 975 3242 1972 3383">
     <span class='ocr_line' id='line_1_22' title="bbox 975 3242 1972 3383; baseline -0.013 -30"><span class='ocrx_word' id='word_1_162' title='bbox 975 3242 1133 3353; x_wconf 56' lang='lat'>§2294</span> <span class='ocrx_word' id='word_1_163' title='bbox 1749 3276 1972 3383; x_wconf 56' lang='lat' dir='ltr'>Qua»</span> 
     </span>
    </p>

    <p class='ocr_par' dir='ltr' id='par_1_5' title="bbox 590 3374 1946 3510">
     <span class='ocr_line' id='line_1_23' title="bbox 590 3374 1946 3510; baseline 0.013 -41"><span class='ocrx_word' id='word_1_164' title='bbox 590 3388 634 3469; x_wconf 79' lang='lat' dir='ltr'>Sr‘</span> <span class='ocrx_word' id='word_1_165' title='bbox 649 3385 921 3503; x_wconf 76' lang='lat' dir='ltr'>propofir&#39;ionum</span> <span class='ocrx_word' id='word_1_166' title='bbox 942 3396 1293 3479; x_wconf 63' lang='lat' dir='ltr'>connadeim&#39;crum</span> <span class='ocrx_word' id='word_1_167' title='bbox 1306 3401 1728 3510; x_wconf 75' lang='lat' dir='ltr'>unafireritunicersali·</span> <span class='ocrx_word' id='word_1_168' title='bbox 1750 3374 1946 3504; x_wconf 46' lang='lat' dir='ltr'>“admi</span> 
     </span>
    </p>

    <p class='ocr_par' dir='ltr' id='par_1_6' title="bbox 448 3478 1953 3622">
     <span class='ocr_line' id='line_1_24' title="bbox 448 3478 1953 3622; baseline 0.011 -38"><span class='ocrx_word' id='word_1_169' title='bbox 448 3501 693 3614; x_wconf 69' lang='lat' dir='ltr'>mffimomr</span> <span class='ocrx_word' id='word_1_170' title='bbox 724 3508 840 3604; x_wconf 76' lang='lat' dir='ltr'>altem</span> <span class='ocrx_word' id='word_1_171' title='bbox 856 3504 906 3613; x_wconf 82' lang='lat' dir='ltr'>est</span> <span class='ocrx_word' id='word_1_172' title='bbox 917 3512 1186 3611; x_wconf 79' lang='lat' dir='ltr'>particulariter</span> <span class='ocrx_word' id='word_1_173' title='bbox 1199 3540 1340 3622; x_wconf 79' lang='lat' dir='ltr'>negans.</span> <span class='ocrx_word' id='word_1_174' title='bbox 1403 3510 1559 3597; x_wconf 88' lang='lat' dir='ltr'>Etenim</span> <span class='ocrx_word' id='word_1_175' title='bbox 1583 3516 1609 3597; x_wconf 87' lang='lat' dir='ltr'>fi</span> <span class='ocrx_word' id='word_1_176' title='bbox 1633 3544 1728 3602; x_wconf 87' lang='lat' dir='ltr'>con·</span> <span class='ocrx_word' id='word_1_177' title='bbox 1743 3478 1953 3592; x_wconf 55' lang='lat' dir='ltr'>pamm</span> 
     </span>
    </p>

    <p class='ocr_par' dir='ltr' id='par_1_7' title="bbox 427 3601 1944 5109">
     <span class='ocr_line' id='line_1_25' title="bbox 448 3601 1944 3732; baseline 0.011 -30"><span class='ocrx_word' id='word_1_178' title='bbox 448 3612 725 3702; x_wconf 69' lang='lat' dir='ltr'>tdiuoriarum</span> <span class='ocrx_word' id='word_1_179' title='bbox 742 3646 815 3700; x_wconf 86' lang='lat' dir='ltr'>unu</span> <span class='ocrx_word' id='word_1_180' title='bbox 831 3615 944 3703; x_wconf 77' lang='lat' dir='ltr'>fuerit</span> <span class='ocrx_word' id='word_1_181' title='bbox 959 3622 1212 3707; x_wconf 83' lang='lat' dir='ltr'>universaliter</span> <span class='ocrx_word' id='word_1_182' title='bbox 1227 3627 1436 3732; x_wconf 82' lang='lat' dir='ltr'>affirmans,</span> <span class='ocrx_word' id='word_1_183' title='bbox 1463 3628 1624 3715; x_wconf 83' lang='lat' dir='ltr'>subhac</span> <span class='ocrx_word' id='word_1_184' title='bbox 1647 3632 1728 3718; x_wconf 88' lang='lat' dir='ltr'>for·</span> <span class='ocrx_word' id='word_1_185' title='bbox 1751 3601 1944 3683; x_wconf 54' lang='lat' dir='ltr'>“ww‘&#39;</span> 
     </span>
     <span class='ocr_line' id='line_1_26' title="bbox 446 3727 1729 3849; baseline 0.016 -34"><span class='ocrx_word' id='word_1_186' title='bbox 446 3727 527 3815; x_wconf 71' lang='lat' dir='ltr'>meda</span> <span class='ocrx_word' id='word_1_187' title='bbox 540 3730 702 3841; x_wconf 78' lang='lat' dir='ltr'>generali</span> <span class='ocrx_word' id='word_1_188' title='bbox 718 3735 950 3820; x_wconf 79' lang='lat' dir='ltr'>continetur:</span> <span class='ocrx_word' id='word_1_189' title='bbox 979 3741 1089 3820; x_wconf 79' lang='lat' dir='ltr'>Omne</span> <span class='ocrx_word' id='word_1_190' title='bbox 1110 3749 1156 3821; x_wconf 93' lang='lat' dir='ltr'><em>A</em></span> <span class='ocrx_word' id='word_1_191' title='bbox 1175 3744 1225 3849; x_wconf 78' lang='lat' dir='ltr'>est</span> <span class='ocrx_word' id='word_1_192' title='bbox 1237 3747 1288 3842; x_wconf 88' lang='lat' dir='ltr'>B,</span> <span class='ocrx_word' id='word_1_193' title='bbox 1323 3743 1388 3825; x_wconf 88' lang='lat' dir='ltr'>ubi</span> <span class='ocrx_word' id='word_1_194' title='bbox 1405 3743 1449 3827; x_wconf 98' lang='lat' dir='ltr'>A</span> <span class='ocrx_word' id='word_1_195' title='bbox 1465 3746 1619 3830; x_wconf 81' lang='lat' dir='ltr'>denotat</span> <span class='ocrx_word' id='word_1_196' title='bbox 1643 3750 1729 3837; x_wconf 88' lang='lat' dir='ltr'>sub·</span> 
     </span>
     <span class='ocr_line' id='line_1_27' title="bbox 444 3840 1731 3970; baseline 0.019 -42"><span class='ocrx_word' id='word_1_197' title='bbox 444 3840 563 3948; x_wconf 78' lang='lat' dir='ltr'>jedum</span> <span class='ocrx_word' id='word_1_198' title='bbox 578 3850 835 3961; x_wconf 90' lang='lat' dir='ltr'>quodcunque</span> <span class='ocrx_word' id='word_1_199' title='bbox 851 3855 892 3932; x_wconf 91' lang='lat' dir='ltr'>in</span> <span class='ocrx_word' id='word_1_200' title='bbox 916 3859 1117 3935; x_wconf 90' lang='lat' dir='ltr'>communi</span> <span class='ocrx_word' id='word_1_201' title='bbox 1139 3854 1213 3938; x_wconf 85' lang='lat' dir='ltr'>five</span> <span class='ocrx_word' id='word_1_202' title='bbox 1236 3858 1403 3943; x_wconf 87' lang='lat' dir='ltr'>absolute</span> <span class='ocrx_word' id='word_1_203' title='bbox 1424 3859 1618 3970; x_wconf 79' lang='lat' dir='ltr'>positum,</span> <span class='ocrx_word' id='word_1_204' title='bbox 1654 3866 1731 3952; x_wconf 82' lang='lat' dir='ltr'>five-</span> 
     </span>
     <span class='ocr_line' id='line_1_28' title="bbox 444 3964 1729 4081; baseline 0.005 -34"><span class='ocrx_word' id='word_1_205' title='bbox 444 3983 529 4048; x_wconf 84' lang='lat' dir='ltr'>certo</span> <span class='ocrx_word' id='word_1_206' title='bbox 542 3964 667 4078; x_wconf 74' lang='lat' dir='ltr'>modo</span> <span class='ocrx_word' id='word_1_207' title='bbox 684 3964 996 4073; x_wconf 85' lang='lat' dir='ltr'>determinatum,</span> <span class='ocrx_word' id='word_1_208' title='bbox 1026 3968 1247 4073; x_wconf 81' lang='lat' dir='ltr'>&amp;judicans</span> <span class='ocrx_word' id='word_1_209' title='bbox 1263 3976 1434 4081; x_wconf 85' lang='lat' dir='ltr'>affirmat,</span> <span class='ocrx_word' id='word_1_210' title='bbox 1459 3984 1568 4059; x_wconf 91' lang='lat' dir='ltr'>omni</span> <span class='ocrx_word' id='word_1_211' title='bbox 1584 3980 1729 4067; x_wconf 90' lang='lat' dir='ltr'>Acon.</span> 
     </span>
     <span class='ocr_line' id='line_1_29' title="bbox 443 4079 1729 4277; baseline 0.019 -117"><span class='ocrx_word' id='word_1_212' title='bbox 443 4082 564 4212; x_wconf 65' lang='lat' dir='ltr'>uenire,</span> <span class='ocrx_word' id='word_1_213' title='bbox 592 4079 700 4277; x_wconf 87' lang='lat' dir='ltr'>quod</span> <span class='ocrx_word' id='word_1_214' title='bbox 711 4085 871 4164; x_wconf 89' lang='lat' dir='ltr'>notione</span> <span class='ocrx_word' id='word_1_215' title='bbox 888 4081 1000 4193; x_wconf 83' lang='lat' dir='ltr'>ipfius</span> <span class='ocrx_word' id='word_1_216' title='bbox 1015 4082 1331 4199; x_wconf 74' lang='lat' dir='ltr'>Beontinetur(§.</span> <span class='ocrx_word' id='word_1_217' title='bbox 1342 4102 1428 4190; x_wconf 83' lang='lat'>288.</span> <span class='ocrx_word' id='word_1_218' title='bbox 1440 4089 1729 4219; x_wconf 75' lang='lat' dir='ltr'>sq.).Qoniam</span> 
     </span>
     <span class='ocr_line' id='line_1_30' title="bbox 440 4198 1727 4319; baseline 0.015 -41"><span class='ocrx_word' id='word_1_219' title='bbox 440 4219 481 4299; x_wconf 84' lang='lat' dir='ltr'>u,</span> <span class='ocrx_word' id='word_1_220' title='bbox 503 4199 569 4310; x_wconf 91' lang='lat' dir='ltr'>qui</span> <span class='ocrx_word' id='word_1_221' title='bbox 584 4201 689 4279; x_wconf 81' lang='lat' dir='ltr'>uteri</span> <span class='ocrx_word' id='word_1_222' title='bbox 702 4198 946 4304; x_wconf 86' lang='lat' dir='ltr'>contradicit,</span> <span class='ocrx_word' id='word_1_223' title='bbox 973 4228 1108 4308; x_wconf 83' lang='lat' dir='ltr'>negare</span> <span class='ocrx_word' id='word_1_224' title='bbox 1148 4201 1288 4311; x_wconf 86' lang='lat' dir='ltr'>debet,</span> <span class='ocrx_word' id='word_1_225' title='bbox 1324 4208 1431 4319; x_wconf 90' lang='lat' dir='ltr'>quod</span> <span class='ocrx_word' id='word_1_226' title='bbox 1455 4209 1613 4295; x_wconf 82' lang='lat' dir='ltr'>affirmat</span> <span class='ocrx_word' id='word_1_227' title='bbox 1635 4214 1727 4297; x_wconf 83' lang='lat' dir='ltr'>aiter</span> 
     </span>
     <span class='ocr_line' id='line_1_31' title="bbox 439 4310 1725 4435; baseline 0.015 -43"><span class='ocrx_word' id='word_1_228' title='bbox 439 4310 480 4419; x_wconf 60' lang='lat' dir='ltr'>(i</span> <span class='ocrx_word' id='word_1_229' title='bbox 494 4312 625 4423; x_wconf 84' lang='lat'><strong>288.);</strong></span> <span class='ocrx_word' id='word_1_230' title='bbox 654 4310 955 4397; x_wconf 72' lang='lat' dir='ltr'>contradidimus</span> <span class='ocrx_word' id='word_1_231' title='bbox 969 4344 1106 4423; x_wconf 84' lang='lat' dir='ltr'>negare</span> <span class='ocrx_word' id='word_1_232' title='bbox 1122 4317 1254 4426; x_wconf 86' lang='lat' dir='ltr'>deber,</span> <span class='ocrx_word' id='word_1_233' title='bbox 1282 4324 1388 4435; x_wconf 89' lang='lat' dir='ltr'>quod</span> <span class='ocrx_word' id='word_1_234' title='bbox 1411 4329 1520 4406; x_wconf 92' lang='lat' dir='ltr'>omni</span> <span class='ocrx_word' id='word_1_235' title='bbox 1543 4325 1586 4410; x_wconf 84' lang='lat' dir='ltr'>A</span> <span class='ocrx_word' id='word_1_236' title='bbox 1609 4329 1725 4411; x_wconf 87' lang='lat' dir='ltr'>tribui</span> 
     </span>
     <span class='ocr_line' id='line_1_32' title="bbox 434 4428 1727 4551; baseline 0.011 -40"><span class='ocrx_word' id='word_1_237' title='bbox 434 4428 549 4536; x_wconf 73' lang='lat' dir='ltr'>pota,</span> <span class='ocrx_word' id='word_1_238' title='bbox 577 4429 687 4542; x_wconf 88' lang='lat' dir='ltr'>quod</span> <span class='ocrx_word' id='word_1_239' title='bbox 701 4432 862 4513; x_wconf 87' lang='lat' dir='ltr'>notione</span> <span class='ocrx_word' id='word_1_240' title='bbox 877 4428 989 4539; x_wconf 80' lang='lat' dir='ltr'>ipsius</span> <span class='ocrx_word' id='word_1_241' title='bbox 1005 4430 1036 4515; x_wconf 94' lang='lat' dir='ltr'><strong>B</strong></span> <span class='ocrx_word' id='word_1_242' title='bbox 1052 4439 1299 4541; x_wconf 88' lang='lat' dir='ltr'>continetur,</span> <span class='ocrx_word' id='word_1_243' title='bbox 1328 4438 1499 4551; x_wconf 87' lang='lat' dir='ltr'>adeoque</span> <span class='ocrx_word' id='word_1_244' title='bbox 1518 4444 1727 4525; x_wconf 87' lang='lat' dir='ltr'>contende-</span> 
     </span>
     <span class='ocr_line' id='line_1_33' title="bbox 433 4542 1727 4669; baseline 0.013 -44"><span class='ocrx_word' id='word_1_245' title='bbox 433 4567 484 4650; x_wconf 87' lang='lat' dir='ltr'>re,</span> <span class='ocrx_word' id='word_1_246' title='bbox 508 4543 576 4630; x_wconf 81' lang='lat' dir='ltr'>sub</span> <span class='ocrx_word' id='word_1_247' title='bbox 589 4542 636 4629; x_wconf 88' lang='lat' dir='ltr'>A</span> <span class='ocrx_word' id='word_1_248' title='bbox 649 4549 837 4629; x_wconf 85' lang='lat' dir='ltr'>contineri</span> <span class='ocrx_word' id='word_1_249' title='bbox 855 4550 1023 4656; x_wconf 77' lang='lat' dir='ltr'>quadam</span> <span class='ocrx_word' id='word_1_250' title='bbox 1048 4614 1061 4651; x_wconf 95' lang='lat'>,</span> <span class='ocrx_word' id='word_1_251' title='bbox 1097 4550 1235 4661; x_wconf 87' lang='lat' dir='ltr'>quibus</span> <span class='ocrx_word' id='word_1_252' title='bbox 1258 4552 1374 4637; x_wconf 90' lang='lat' dir='ltr'>tribui</span> <span class='ocrx_word' id='word_1_253' title='bbox 1396 4578 1584 4665; x_wconf 82' lang='lat' dir='ltr'>nequeat,</span> <span class='ocrx_word' id='word_1_254' title='bbox 1618 4560 1727 4669; x_wconf 91' lang='lat' dir='ltr'>quod</span> 
     </span>
     <span class='ocr_line' id='line_1_34' title="bbox 432 4656 1728 4774; baseline 0.014 -34"><span class='ocrx_word' id='word_1_255' title='bbox 432 4664 577 4747; x_wconf 82' lang='lat' dir='ltr'>rodone</span> <span class='ocrx_word' id='word_1_256' title='bbox 591 4656 705 4769; x_wconf 84' lang='lat' dir='ltr'>ipfius</span> <span class='ocrx_word' id='word_1_257' title='bbox 722 4657 754 4744; x_wconf 89' lang='lat' dir='ltr'><strong>B</strong></span> <span class='ocrx_word' id='word_1_258' title='bbox 773 4666 1001 4746; x_wconf 86' lang='lat' dir='ltr'>continetur.</span> <span class='ocrx_word' id='word_1_259' title='bbox 1029 4660 1115 4747; x_wconf 86' lang='lat' dir='ltr'>Erit</span> <span class='ocrx_word' id='word_1_260' title='bbox 1131 4669 1249 4774; x_wconf 86' lang='lat' dir='ltr'>igitur</span> <span class='ocrx_word' id='word_1_261' title='bbox 1262 4667 1555 4752; x_wconf 65' lang='lat' dir='ltr'>contradicentia</span> <span class='ocrx_word' id='word_1_262' title='bbox 1577 4678 1728 4757; x_wconf 87' lang='lat' dir='ltr'>univer-</span> 
     </span>
     <span class='ocr_line' id='line_1_35' title="bbox 430 4770 1726 4901; baseline 0.002 -40"><span class='ocrx_word' id='word_1_263' title='bbox 430 4770 782 4890; x_wconf 77' lang='lat' dir='ltr'>ilirproposrtions</span> <span class='ocrx_word' id='word_1_264' title='bbox 798 4778 907 4859; x_wconf 82' lang='lat' dir='ltr'>datae:</span> <span class='ocrx_word' id='word_1_265' title='bbox 936 4783 1124 4885; x_wconf 70' lang='lat' dir='ltr'>Qoddam</span> <span class='ocrx_word' id='word_1_266' title='bbox 1138 4788 1175 4865; x_wconf 85' lang='grc' dir='ltr'><strong><em>Α</em></strong></span> <span class='ocrx_word' id='word_1_267' title='bbox 1188 4813 1259 4867; x_wconf 83' lang='lat' dir='ltr'>non</span> <span class='ocrx_word' id='word_1_268' title='bbox 1282 4783 1326 4887; x_wconf 79' lang='lat' dir='ltr'>est</span> <span class='ocrx_word' id='word_1_269' title='bbox 1349 4787 1405 4865; x_wconf 86' lang='lat' dir='ltr'>B:</span> <span class='ocrx_word' id='word_1_270' title='bbox 1439 4812 1520 4895; x_wconf 82' lang='lat' dir='ltr'>quae</span> <span class='ocrx_word' id='word_1_271' title='bbox 1539 4814 1629 4871; x_wconf 88' lang='lat' dir='ltr'>cum</span> <span class='ocrx_word' id='word_1_272' title='bbox 1642 4816 1726 4901; x_wconf 83' lang='lat' dir='ltr'>par.</span> 
     </span>
     <span class='ocr_line' id='line_1_36' title="bbox 427 4890 1727 5013; baseline 0.006 -29"><span class='ocrx_word' id='word_1_273' title='bbox 427 4890 617 4984; x_wconf 68' lang='lat' dir='ltr'>mutiret</span> <span class='ocrx_word' id='word_1_274' title='bbox 630 4919 770 5005; x_wconf 77' lang='lat' dir='ltr'>negans</span> <span class='ocrx_word' id='word_1_275' title='bbox 783 4891 827 4986; x_wconf 85' lang='lat' dir='ltr'>iit</span> <span class='ocrx_word' id='word_1_276' title='bbox 841 4894 895 5005; x_wconf 64' lang='lat' dir='ltr'>(i,</span> <span class='ocrx_word' id='word_1_277' title='bbox 912 4918 1001 5006; x_wconf 83' lang='lat'><strong>207.</strong></span> <span class='ocrx_word' id='word_1_278' title='bbox 1018 4898 1151 5009; x_wconf 57' lang='lat'>2495</span> <span class='ocrx_word' id='word_1_279' title='bbox 1176 4898 1331 4986; x_wconf 88' lang='lat' dir='ltr'>evidens</span> <span class='ocrx_word' id='word_1_280' title='bbox 1347 4898 1399 4985; x_wconf 85' lang='lat' dir='ltr'>est</span> <span class='ocrx_word' id='word_1_281' title='bbox 1414 4899 1665 5013; x_wconf 79' lang='lat' dir='ltr'>propofitioni</span> <span class='ocrx_word' id='word_1_282' title='bbox 1681 4938 1727 4992; x_wconf 89' lang='lat' dir='ltr'>u·</span> 
     </span>
     <span class='ocr_line' id='line_1_37' title="bbox 1598 5050 1727 5109; baseline 0 0"><span class='ocrx_word' id='word_1_283' title='bbox 1598 5050 1727 5109; x_wconf 81' lang='lat' dir='ltr'>ruver-</span> 
     </span>
    </p>
   </div>
   <div class='ocr_carea' id='block_1_5' title="bbox 0 0 2422 5634">
    <p class='ocr_par' dir='ltr' id='par_1_8' title="bbox 0 0 2422 5634">
     <span class='ocr_line' id='line_1_38' title="bbox 0 0 2422 5634; baseline 0 15"><span class='ocrx_word' id='word_1_284' title='bbox 0 0 2422 5634; x_wconf 95' lang='lat' dir='ltr'> </span> 
     </span>
    </p>
   </div>
  </div>
 </body>
</html>
