4834 5634
884 787 1259 931 philostaphandi.
1652 790 1744 933 103

431 1046 569 1109 renam
592 1020 644 1105 td
665 1018 936 1105 meditationes
957 1024 1141 1106 reiteratur
1165 1020 1325 1103 afferens
1347 1017 1490 1131 lapsum
1515 1016 1680 1127 agnoscit
1706 1019 1745 1103 dt

433 1138 543 1255 quod
555 1154 727 1221 erratum
741 1136 808 1243 est,
825 1134 888 1219 vel
904 1140 1079 1243 corrigit,
1094 1136 1176 1240 vel,
1203 1134 1271 1218 ubi
1286 1140 1419 1218 veritas
1435 1136 1609 1217 nondum
1626 1141 1665 1215 in
1673 1163 1746 1245 po-

431 1252 638 1359 tellrtteell,
653 1276 828 1335 errorem
842 1248 992 1333 millum
1005 1249 1106 1335 facit.
1165 1247 1275 1332 Idem
1289 1279 1379 1333 cum
1393 1249 1435 1335 lit
1453 1254 1602 1339 animus
1619 1255 1746 1331 omni-

430 1368 506 1453 bus
521 1364 715 1451 methodo
736 1360 1003 1475 philosophica
1026 1364 1402 1476 philosophantibus,
1431 1392 1529 1449 unus
1553 1366 1750 1448 veritatem

431 1480 480 1567 ab
494 1480 616 1565 altero
639 1480 818 1563 traditam
840 1478 1006 1587 agnoscit
1031 1508 1148 1592 eaque
1171 1482 1219 1562 ad
1238 1480 1417 1562 ulteriora
1440 1476 1647 1587 detegenda
1670 1485 1746 1561 uti·

429 1618 515 1693 tura
542 1594 635 1681 tlter
648 1594 796 1707 lapsum
809 1590 1011 1677 admissum
1024 1594 1086 1678 vel
1102 1616 1274 1701 annotat,
1303 1594 1374 1677 vel'
1392 1594 1566 1678 emendat
1582 1597 1639 1701 dt,
1673 1598 1742 1707 qui

431 1740 527 1797 eum
539 1708 705 1819 admisit,
733 1710 902 1793 eundern
916 1712 1083 1817 agnoscit
1098 1710 1150 1815 o,
1166 1708 1233 1795 nifi
1246 1716 1321 1815 jam
1330 1708 1375 1792 ab
1390 1709 1507 1793 altero
1522 1711 1742 1793 emendatus

390 1842 410 1853 ”
434 1826 573 1931 suetit,
586 1824 743 1937 ipsemet
757 1852 851 1908 eum
866 1826 1065 1909 emendare
1079 1828 1211 1909 studet.
1300 1820 1461 1913 collaris
1484 1825 1581 1915 adeo
1598 1825 1743 1911 viribus

424 1938 939 2027 meremmuscientiarum
952 1960 1238 2051 promoventur.

550 2056 658 2127 Erunt
670 2050 779 2131 forsan
789 2054 960 2144 nonnulli,
968 2058 1026 2153 qui
1032 2051 1092 2129 stbi
1097 2050 1355 2155 persuadebunt,
1364 2049 1405 2131 de
1414 2054 1577 2132 methodo
1592 2048 1741 2157 philoso-

528 2154 862 2257 himprethmriquae
872 2158 1080 2255 experientiae
1086 2176 1286 2257 repugnant.
1344 2160 1552 2256 Qtaeunque
1567 2162 1658 2229 eninr
1673 2158 1740 2227 evi·

530 2258 615 2331 entia
623 2254 792 2331 erroreath
800 2257 876 2329 eliis
883 2253 1071 2333 commill'ot
1077 2256 1292 2345 demonstret,
1305 2262 1409 2329 variat
1416 2277 1529 2329 tamen
1543 2253 1741 2329 hominibus

498 2352 715 2445 esser-triones,
729 2380 860 2431 eureos
867 2362 1082 2456 pertinaciter
1095 2351 1286 2431 defendant.
1306 2358 1489 2458 Qrirenirn
1498 2355 1554 2446 est,
1569 2352 1627 2456 qui
1646 2361 1743 2449 igno·

489 2452 864 2551 mauguiffimuesst
873 2458 1023 2555 querelae
1033 2457 1241 2559 depertinaei
1249 2481 1406 2532 errorum
1425 2460 1615 2553 agniturum
1628 2453 1743 2532 defen·

488 2556 606 2635 sione?
630 2562 817 2633 Enimvero
831 2558 939 2633 multa
955 2560 1060 2653 vulgo
1075 2558 1233 2633 videntur
1251 2558 1284 2633 dt
1301 2556 1470 2647 dicuntur,
1487 2582 1560 2655 quae
1577 2552 1744 2631 nonsunr.

485 2656 683 2749 Intelleldut
697 2684 772 2733 non
790 2656 874 2731 tdeo
888 2663 1006 2733 nitimr
1019 2683 1135 2737 eontra
1148 2661 1352 2736 evidentiam
1366 2661 1547 2740 imperium
1561 2658 1745 2733 voluntarie

482 2754 1203 2861 secutus,quemadmodumvulgocreditur.
1228 2765 1299 2863 Qti
1307 2759 1434 2833 nullam
1445 2785 1595 2855 unquam
1604 2760 1744 2834 demon·

392 2860 395 2865 ’
480 2860 680 2937 strationem
688 2856 840 2934 distinsie
848 2884 1084 2960 perceperunt,
1095 2865 1433 2956 Logicaeveraeignrri
1443 2860 1617 2959 multoque
1633 2864 1743 2955 magis

481 2964 512 3037 e'
562 2960 773 3067 applicanda
780 2962 898 3035 habitu
913 2960 1076 3052 destituti,
1091 2958 1251 3037 assensum
1267 2964 1491 3037 determinant
1505 2989 1574 3036 non
1599 2986 1658 3058 per
1675 2964 1743 3033 evi·

507 3068 636 3141 entiam
650 3066 812 3153 rttionit,
836 3057 1334 3163 sedperrationetertrinsecas,
1349 3086 1421 3161 quae
1436 3064 1553 3139 multis
1569 3063 1743 3138 modirva·

481 3168 594 3241 titur:
621 3160 1223 3239 undetllensumhabentavoluntate
1240 3162 1427 3264 pendulum
1444 3189 1542 3263 arque
1558 3162 1639 3239 adeo
1657 3168 1692 3235 in
1706 3159 1741 3237 se

481 3266 718 3365 eduramque
750 3263 1398 3340 artemcontradisiionitindifferentem.
1426 3265 1528 3342 Unde
1542 3265 1743 3355 videritne

485 3366 697 3443 erueodem
748 3391 849 3440 ruore
864 3362 1068 3457 defendere,
1102 3393 1171 3465 quo
1186 3364 1482 3442 contradislorium
1497 3367 1598 3442 hodie
1612 3391 1742 3464 propu-

489 3468 654 3565 ΨΜ
671 3470 708 3543 in
721 3466 795 3542 aliie
807 3467 1217 3568 teritetreprehendere&
1227 3467 1368 3543 flammis
1376 3464 1536 3545 feralibus
1545 3467 1742 3562 dignumju·

490 3568 612 3659 ditare,
620 3568 713 3669 quod
725 3567 899 3670 modoipfi
907 3566 1099 3645 docuerant.
1151 3565 1217 3642 Sed
1225 3594 1345 3644 eorum
1354 3568 1505 3669 exempla
1514 3568 1627 3641 nostro
1640 3563 1744 3639 effato

488 3671 633 3749 minime
641 3666 866 3745 adversantur.
916 3674 1050 3745 Etenim
1066 3696 1129 3744 nor
1144 3665 1369 3770 supponimur
1383 3696 1459 3743 eum
1469 3677 1544 3769 ,qui
1559 3667 1744 3747 errorisad·

489 3768 890 3861 monetur‚elsemethodi
897 3766 1141 3876 philosophice
1150 3774 1492 3869 gnarumeamquead
1506 3777 1625 3873 praxin
1640 3792 1747 3843 trano·

490 3872 586 3951 ferre
618 3868 763 3960 olsenee
770 3876 885 3947 minua
899 3872 1043 3949 alterum
1055 3896 1200 3970 utraque
1217 3877 1342 3949 virtute
1358 3874 1500 3974 pollere,
1516 3881 1575 3973 qui
1592 3896 1745 3947 errorem

489 3970 560 4055 else
647 3976 655 3993 '
683 3998 743 4049 um
760 3972 973 4065 demonstret,
986 4000 1030 4049 ne
1036 4000 1100 4075 per
1108 3977 1571 4076 ignorantiamreprehendrt,
1581 3975 1672 4076 quod
1686 3969 1746 4045 illa

490 4082 621 4153 virtute
634 4100 708 4151 non
723 4074 897 4153 destitutus
906 4076 1002 4151 valde
1008 4075 1178 4176 probaret.
1186 4074 1308 4175 Neque
1315 4083 1416 4153 etiam
1424 4078 1479 4167 est,
1487 4077 1579 4181 quod
1588 4078 1747 4157 verearis.

489 4174 650 4259 methodi
662 4200 801 4279 quoque
807 4172 1052 4279 philosophice
1068 4203 1212 4274 gnarum
1227 4202 1390 4269 errorem,
1397 4206 1498 4280 quem
1506 4176 1744 4277 agnoscirper·

489 4272 1091 4368 miwdefendereetfievidentiae
1112 4278 1401 4358 demonstrationis
1421 4282 1566 4358 resistere
1581 4298 1744 4380 nequeat,

514 4376 909 4476 mnemdentgnosut.
957 4383 1095 4456 Etenim
1107 4376 1279 4480 quiseiens
1295 4383 1618 4459 revolenrerrorem
1632 4376 1747 4453 desm-

485 4408 604 4577 dtne
616 4480 909 4573 anslevidettur,
922 4481 1019 4559 itfibi
1031 4482 1189 4559 dedecori
1203 4481 1326 4559 ducere
1339 4487 1450 4574 deber·
1467 4484 1559 4584 quod
1574 4481 1748 4560 erraverit·

489 4588 682 4665 Eudamo
692 4580 1006 4688 ubiphilosophicoe
1023 4582 1179 4661 methodi
1197 4580 1303 4661 fuerit
1318 4610 1460 4681 gnarus,
1473 4587 1564 4662 haud
1579 4603 1748 4683 quaquam

492 4678 896 4789 hhipetsutdetepottst,
909 4686 1004 4787 qood
1015 4687 1071 4762 tlii
1085 4687 1201 4761 etdem
1243 4683 1384 4763 ollenter
1397 4714 1548 4765 errorem
1563 4711 1634 4759 non
1648 4707 1749 4779 agno·

500 4712 1416 4889 mmmromnusmirntdvertanrquorlhascienoe
1431 4816 1468 4863 tc
1486 4790 1620 4863 volente
1635 4784 1750 4863 defen·

499 4886 605 4983 datu.
654 4890 901 4999 quamobrem
909 4888 1044 5001 ”bisti
1055 4888 1213 4975 dedecori
1224 4887 1337 4985 ducit,
1360 4890 1452 4992 quod
1465 4896 1633 4985 erraverit,
1641 4892 1752 4969 multo

409 5020 419 5029 ·
1648 5018 1758 5091 mago
