4834 5634
626 504 718 643 ‚De
735 497 1085 641 conscribendis
1101 500 1249 614 libris
1264 504 1524 649 historicis.
1618 526 1737 653 [549

1030 802 1039 819 .
1096 738 1124 821 6
1151 802 1160 820 .

529 854 570 935 Si
583 844 646 957 id,
661 850 764 959 cujus
779 853 952 935 notionem
966 738 1150 961 colonial
1160 845 1345 953 habemur,
1367 850 1612 939 militudinem
1619 878 1730 973 quan·
1756 854 1962 931 Modmcrmi

421 960 507 1053 darn
521 964 691 1051 habuerit
707 994 783 1051 cum
798 968 870 1049 ano
894 968 1004 1052 alteri
1024 992 1125 1074 ntro,
1142 956 1194 1059 ὅ
1205 968 1403 1071 stmr'lr‘tndo
1426 966 1580 1073 distende
1604 980 1731 1079 exponi
1755 960 1942 1078 ⁷²²“²3¹'“¹'¹d2'

412 1078 630 1201 ptffltaftlit
643 1080 763 1166 uerbis
777 1088 949 1165 notionem
977 1083 1067 1168 hanc
1082 1085 1261 1189 corfitfhm
1279 1085 1389 1167 alteri
1412 1094 1667 1169 communicare
1689 1089 1726 1168 tr·-
1755 1076 1967 1159 ''smmi‘'

417 1222 493 1303 ter,
509 1194 689 1317 quatenns
696 1196 967 1307 fimilr'tudt'nem
980 1228 1057 1283 cum
1074 1229 1117 1285 re
1132 1203 1207 1285 alia
1223 1201 1333 1283 alteri
1349 1224 1435 1282 nora
1451 1204 1611 1284 involvit.
1622 1201 1727 1291 Cum
1744 1159 1952 1334 mm*

417 1318 523 1397 enim
547 1312 640 1397 alter
665 1317 824 1395 nomine
846 1318 900 1394 rei
926 1313 1076 1397 alterius
1100 1318 1231 1397 audito
1255 1318 1457 1396 notionem
1488 1316 1657 1418 ejusdem
1687 1324 1727 1401 in
1751 1361 1837 1431 alin.

416 1450 548 1515 mente
562 1430 808 1539 reproducat‚
824 1456 939 1539 quam
962 1429 1059 1511 olim
1075 1454 1257 1541 perceptae
1281 1430 1423 1523 habet3
1448 1458 1491 1513 en
1515 1460 1646 1515 coram
1670 1439 1729 1515 in-

415 1546 565 1651 tuetur,
578 1574 660 1656 quat
676 1546 809 1626 eadem
824 1546 909 1627 sunt
923 1550 962 1625 in
979 1574 1019 1627 re
1035 1574 1055 1627 a
1072 1546 1184 1629 nobis
1202 1545 1358 1629 confuse
1374 1569 1559 1655 percepta.
1586 1546 1728 1662 Qrod-

413 1654 442 1745 i
458 1664 576 1769 igitur
587 1659 649 1743 illa
661 1662 825 1743 indicare
841 1666 1033 1768 potueris,
1056 1660 1339 1745 similitudinem
1355 1661 1526 1744 dillinslc
1542 1671 1727 1770 exponis,

411 1802 488 1859 nec
511 1773 603 1857 alter
629 1778 677 1859 ed
699 1775 980 1860 firnilitudinem
1007 1776 1143 1859 reseret
1166 1776 1214 1860 ab
1237 1778 1371 1859 eadem
1395 1776 1524 1860 aliena.
1583 1776 1725 1863 Verbis

411 1892 536 1995 adeo,
551 1890 690 2003 quibus
708 1896 748 1973 in
764 1892 1015 2000 descriptione
1032 1890 1174 1995 objecti
1189 1898 1305 1975 uteris
1323 1954 1335 1997 ‚
1358 1894 1478 1977 efficis
1494 1957 1506 1997 ‚
1529 1915 1570 1974 ut
1595 1900 1726 1978 notio·

411 2034 506 2093 nem
521 2005 740 2111 confusam,
757 2035 872 2119 quarn
889 2007 1025 2113 habes,
1042 2009 1291 2123 consequatur
1306 2006 1608 2124 alter,quatenus
1623 2008 1724 2094 firni-

411 2122 616 2207 litudinem
631 2152 721 2206 cum
737 2152 778 2205 re
792 2120 897 2204 alteri
914 2146 1004 2205 nota
1018 2124 1190 2207 involvit,
1276 2210 1278 2215 ,

512 2238 704 2313 Methodus
719 2241 789 2310 hec
806 2240 1001 2311 hominibus
1015 2246 1157 2312 maxime
1172 2238 1334 2313 naturalis
1351 2297 1360 2328 ,
1386 2261 1423 2311 ut
1443 2232 1511 2310 sola
1521 2240 1647 2329 Logica
1662 2260 1721 2309 na·

460 2340 568 2415 rurali
582 2339 630 2413 usr
645 2340 741 2412 alteri
763 2336 961 2439 descripturi
982 2336 1177 2430 officiium,
1203 2342 1296 2439 quod
1320 2367 1493 2437 nunquam
1514 2343 1623 2425 vidit,
1650 2338 1722 2435 ejus

461 2466 545 2517 cum
564 2441 637 2515 aliis
650 2441 759 2514 eidem
776 2444 863 2512 notis
879 2449 1167 2540 comparationem
1182 2440 1363 2516 instituant.
1385 2446 1570 2515 Enimvero
1585 2463 1666 2511 cum
1681 2436 1719 2508 st·

460 2542 691 2619 militudinem
706 2570 776 2616 non
792 2543 1066 2615 convenientibus
1081 2540 1353 2616 circumscribant
1368 2542 1530 2617 limitibus
1546 2592 1555 2630 ‚
1575 2538 1717 2641 scopum

453 2642 518 2719 libi
534 2642 709 2743 prefixum
729 2648 868 2716 minime
885 2640 1145 2741 consequuntur.
1201 2649 1336 2717 Etenim
1354 2645 1436 2716 alter
1452 2642 1512 2717 srbi
1534 2648 1569 2715 in
1592 2666 1719 2715 memo

453 2748 546 2821 riam
561 2771 727 2819 revocant
743 2772 815 2817 rem
832 2750 1015 2839 integram,
1031 2772 1104 2842 quae
1121 2748 1246 2845 aliquid
1260 2744 1482 2821 fimilitudinit
1498 2770 1577 2817 tum
1590 2745 1652 2815 alia
1668 2748 1719 2816 in·

455 2844 588 2935 volvit,
603 2842 854 2919 similitudinem
871 2846 959 2917 ultra
982 2844 1059 2919 suos
1084 2846 1207 2921 limites
1224 2846 1383 2921 extendit.
1436 2852 1478 2917 V.
1498 2872 1548 2939 gt.
1584 2849 1618 2915 Si
1640 2848 1718 2942 quie

458 2972 561 3019 averet
577 2948 715 3046 alicujus
731 2949 883 3021 animalis
900 2948 993 3020 alteri
1009 2948 1161 3020 nondum
1176 2945 1234 3017 vib
1258 2949 1377 3021 dixerit
1395 2944 1459 3021 elle
1485 2944 1606 3019 limiles
1631 2950 1717 3017 auri·

457 3046 528 3123 but
542 3044 619 3123 felis
634 3070 647 3139 3
669 3054 729 3146 qui
752 3052 823 3123 haec
845 3051 937 3121 audit
952 3076 1046 3121 aures
1063 3046 1140 3120 felis
1162 3048 1222 3120 fibi
1234 3046 1307 3121 visae
1322 3052 1356 3121 in
1372 3050 1568 3121 memoriam
1585 3066 1719 3119 revocat

462 3160 588 3245 eaeque
602 3176 667 3249 pro
685 3152 819 3225 turibus
838 3152 988 3222 animalis
1011 3154 1119 3242 ignoti
1136 3146 1245 3221 sumit.
1293 3150 1425 3221 Accidit
1451 3150 1528 3220 inde
1551 3170 1590 3221 ut
1612 3146 1719 3217 iilius-

458 3248 558 3327 modi
570 3258 823 3353 eomprrationc
841 3258 874 3323 in
888 3252 1022 3344 fingulis
1038 3252 1188 3349 partibus
1204 3250 1371 3335 animalis,
1394 3249 1489 3347 quod
1503 3242 1657 3320 describit
1675 3250 1720 3319 a1=

454 3372 530 3439 ter,
543 3350 690 3426 instituta
706 3352 811 3426 leilor
827 3358 861 3423 vi
876 3356 1123 3446 imrginationis
1140 3371 1324 3449 componat
1337 3352 1446 3423 ideam
1462 3348 1720 3445 animalis‚que-

453 3454 491 3529 le
508 3456 545 3525 in
561 3478 675 3528 rerum
694 3478 809 3529 natura
827 3454 947 3525 nullibi
962 3452 1117 3525 exiliit&
1137 3454 1230 3549 quod
1251 3474 1324 3527 toto
1346 3452 1429 3525 ccclo
1453 3447 1568 3525 differt
1594 3447 1634 3520 ab
1656 3474 1719 3538 eo,

413 3592 419 3599 ·
441 3556 457 3568 “
479 3550 555 3629 uod
568 3552 628 3627 irbi
644 3553 879 3653 representare
897 3553 1005 3627 debet.
1059 3556 1195 3627 Animal
1209 3558 1313 3647 igitur
1329 3558 1547 3653 peregrinum
1563 3547 1631 3653 ipse
1645 3572 1716 3622 tan·

501 3682 537 3729 m
551 3654 669 3729 videns
685 3664 825 3730 miratur
841 3680 941 3755 atque
958 3655 1082 3728 fatente
1093 3652 1141 3745 ,lc
1156 3657 1258 3749 longe
1274 3656 1370 3729 aliam
1388 3660 1459 3747 ejus
1476 3654 1585 3729 ideam
1601 3658 1716 3726 animo

457 3754 657 3857 concepisse.
685 3758 822 3859 Quodfi
837 3762 881 3846 ia,
900 3762 956 3855 qui
974 3760 1054 3850 legit
1071 3758 1256 3856 illiusmodi
1272 3756 1550 3857 descriptionem,
1570 3760 1648 3828 artis
1664 3758 1713 3851 pi-

452 3856 574 3935 storiae
588 3858 668 3934 ellet
682 3868 808 3959 peritus
818 3888 855 3933 ac
871 3859 953 3933 idere
968 3855 1030 3931 suae
1047 3864 1286 3931 convenienter
1297 3863 1421 3935 animal
1437 3862 1589 3931 nondum
1605 3852 1715 3928 visum

456 3960 661 4049 delinearet3
676 3988 838 4061 quantum
854 3990 872 4033 a
890 3987 971 4033 vero
988 3966 1058 4032 idea
1076 3962 1175 4057 ipsus
1189 3959 1339 4050 aberret,
1362 3964 1474 4061 palam
1491 3958 1581 4033 foret
1596 3961 1711 4046 alteri,

451 4066 518 4161 qui
532 4060 702 4161 objellum
720 4061 829 4164 ipsum
844 4062 937 4133 vidit.
989 4061 1133 4134 Lubrica
1147 4062 1231 4135 adeo
1249 4065 1318 4137 hec
1335 4072 1387 4137 via
1405 4062 1467 4149 est,
1484 4060 1542 4133 nib
1557 4062 1711 4133 cautione

453 4184 618 4253 utamur,
637 4190 675 4237 ut
700 4173 862 4239 terminos
885 4163 1109 4239 srmilitudinie
1132 4166 1356 4257 indigitemus.
1409 4164 1514 4237 Valde
1531 4187 1639 4234 autem
1655 4184 1711 4231 ve·

454 4289 553 4353 reor,
571 4292 615 4337 ne
631 4269 758 4365 majore
775 4270 830 4339 bic
848 4292 934 4365 opus
952 4266 989 4338 fit
1002 4264 1323 4364 circumspeblronz
1347 4292 1448 4366 quam
1465 4292 1537 4363 quae
1552 4268 1587 4335 in
1603 4262 1708 4361 pluri·

453 4390 532 4441 mot
543 4367 643 4444 cadit.
696 4372 817 4443 Obiter
833 4364 989 4457 observo,
1012 4368 1167 4467 exemplo
1183 4371 1250 4442 hoc
1268 4392 1403 4467 patere,
1427 4394 1528 4467 quem
1544 4362 1650 4436 facilis
1668 4364 1707 4436 fit

452 4472 589 4563 Logicre
607 4472 765 4544 naturalis
783 4466 902 4543 abusus
919 4472 952 4541 dr
969 4495 1071 4568 quam
1090 4470 1173 4544 bene
1188 4470 1249 4542 fibi
1264 4467 1464 4569 consulant,
1486 4471 1546 4569 qui
1560 4464 1708 4542 artificia·

449 4568 522 4653 lem
534 4596 615 4647 cum
628 4574 778 4651 naturali·
787 4574 1008 4671 conjungunt.

1048 4668 1200 4783 2223
1567 4674 1708 4788 troo
