4834 5634
648 536 752 675 1'40
851 528 1001 635 Part.
1019 526 1060 629 I.
1081 524 1241 629 Saul.
1260 525 1368 658 Cap.
1387 521 1425 631 I.
1441 458 1524 633 De
1537 525 1904 659 triburmntis

683 750 974 829 'locooccurrent
1025 752 1067 822 In
1077 748 1309 823 Arithmeticae
1318 747 1500 823 Elementia
1521 756 1615 845 ἕως.
1638 748 1959 849 ostendiquomodo

699 853 744 929 ab
758 852 963 946 algorithmo
978 876 1202 925 numerorum
1217 872 1375 948 tanquam
1392 850 1551 923 methodo
1561 848 1754 925 inveniundi
1760 848 1898 951 speciali
1906 850 1961 951 elt'·

702 952 894 1029 §hahentur
915 951 1040 1047 regulae
1053 949 1207 1024 methodi
1221 947 1413 1024 inveniendi
1428 951 1640 1045 generales&
1657 952 1716 1025 ubi
1731 954 1759 1043 ς.
1775 956 1854 1027 262
1876 974 1957 1053 277.

707 1052 969 1133 fundamentum
983 1050 1209 1127 extrasl-tionis
1226 1050 1583 1149 radicumquadraticae
1596 1078 1632 1127 ac
1641 1050 1763 1127 cubicae
1777 1051 1964 1147 tradimur,

707 1155 897 1253 generalem
905 1152 1154 1254 compositionis
1162 1155 1297 1226 numeri
1305 1150 1796 1250 quadrati&cnbicinntion
1804 1150 1848 1228 ab
1855 1177 1965 1235 exeru-⁴

708 1254 1137 1361 plofingulariderivamuc.
1183 1258 1226 1327 Et
1234 1252 1324 1325 idem
1334 1251 1513 1327 artificium
1536 1278 1751 1355 peromnem
1765 1254 1966 1333 Arithmeti·

712 1384 786 1433 cam
803 1353 984 1455 practicam
992 1352 1183 1454 amplissimi
1190 1356 1320 1453 experti
1328 1347 1442 1426 sumus
1455 1350 1540 1426 usur.
1573 1356 1966 1433 Doeemunuoemdein·

709 1460 1176 1657 iillllilllll‘ll
1186 1448 1418 1629 lllllllss
1433 1451 1754 1633 llffilsslllllt
1768 1452 1965 1559 ‘Q'

973 1611 981 1626 .
1071 1615 1082 1649 ,
1424 1611 1434 1647 ,
1751 1614 1760 1631 .

431 1790 1975 1997 aaa

427 2018 521 2090 '‘²¹¹'ss
645 2056 749 2139 tur,
778 2058 857 2144 quo
871 2036 1067 2141 puriorem
1081 2027 1300 2110 conservant
1315 2030 1370 2138 (§.
1385 2034 1473 2135 ῃ).
1490 1940 1708 2135 nimirum,
1723 2056 1752 2111 r.
1768 2026 1976 2113 dumsensu

667 2168 827 2249 externo
843 2168 954 2259 atque
967 2152 1118 2227 intemo
1133 2162 1307 2252 percepta
1337 2144 1394 2252 (§.
1417 2168 1478 2249 30.
1496 2143 1569 2250 31.)
1606 2140 1822 2251 simplicitet
1844 2168 1975 2255 appre-

667 2265 841 2349 hendunt
869 2266 924 2371 (t.
942 2261 1044 2367 33),
1071 2284 1200 2339 rerum
1214 2258 1395 2367 quasdam
1410 2262 1588 2341 notiones
1604 2252 1671 2339 fibi
1682 2255 1978 2343 familiaretred·

669 2383 765 2463 (lunt
792 2379 841 2487 (s.
857 2375 934 2483 35.)
961 2398 1098 2482 easque
1123 2374 1295 2455 terminis
1312 2398 1332 2453 a
1348 2368 1561 2457 seinvicem
1576 2372 1808 2487 distinguunt
1816 2376 1871 2485 (ς.
1879 2374 1976 2483 36.).

487 2498 490 2504 ’
662 2520 704 2579 a.
721 2490 828 2577 Ctun
842 2494 1019 2573 notiones
1033 2512 1182 2593 retum,
1208 2512 1302 2599 quas
1319 2486 1380 2571 vel
1395 2488 1518 2571 sensus
1537 2484 1638 2571 solus
1674 2494 1696 2599 (
1705 2490 1736 2599 §.
1763 2482 1880 2599 gn),
1915 2486 1979 2573 vel

668 2608 792 2691 sensus
807 2606 845 2688 u
860 2606 1081 2711 imaginatio
1109 2603 1162 2709 (§.
1180 2602 1260 2709 32.)
1285 2630 1359 2685 una
1376 2602 1571 2707 exhibent,
1600 2608 1698 2689 inter
1711 2605 1748 2687 se
1762 2602 1978 2712 conserunt,

670 2750 800 2806 rerum
814 2718 1098 2805 similitudinem
1114 2717 1153 2799 ἃ
1177 2716 1515 2801 dissimilitudinem
1530 2719 1792 2831 perspicientes
1808 2720 1859 2805 de
1872 2740 1980 2805 utro·

672 2863 748 2950 que
762 2836 901 2941 judicia
915 2831 1082 2917 formant
1098 2836 1270 2915 intuitiva
1298 2836 1351 2943 (§.
1370 2860 1430 2941 39.
1447 2837 1533 2943 51·)·
1563 2860 1596 2941 3.
1613 2830 1779 2944 Judiciis
1797 2836 1845 2918 de
1853 2834 1979 2921 simili·

673 2954 806 3037 tudine
828 2943 954 3033 rerum
970 2950 1109 3059 species
1126 2948 1316 3058 &genera
1332 2952 1563 3033 constituunt
1591 2952 1651 3061 (§.
1673 2975 1741 3057 44.
1768 2940 1817 3040 ὅ
1820 2953 1892 3070 seq
1921 2954 1980 3061 .),

675 3066 814 3182 quibus
827 3064 1059 3175 defignandis
1083 3070 1239 3175 nomina
1261 3064 1381 3174 vulgo
1404 3070 1443 3147 in
1472 3066 1609 3175 linguis
1635 3087 1780 3177 recepta
1804 2978 1983 3153 adnnen-

676 3207 750 3268 tur.
766 3211 807 3292 4.
823 3176 978 3295 Judicia
995 3183 1043 3264 de
1053 3177 1351 3269 dissimilitudine
1367 3182 1416 3265 ad
1430 3182 1571 3293 species
1588 3172 1633 3264 &⁸
1642 3210 1777 3291 genera
1805 3182 1982 3287 referunt,

678 3328 761 3412 quat
778 3302 914 3384 iisdem
933 3296 994 3381 vel
1008 3296 1197 3403 absolute,
1226 3296 1288 3379 vel
1303 3296 1369 3381 sub
1385 3320 1485 3383 certa
1501 3300 1723 3382 conditione
1738 3306 1981 3403 conveniunt,

676 3414 800 3525 licque
814 3418 1097 3497 enunciationes
1113 3409 1279 3497 formant
1307 3415 1360 3523 (§.
1378 3416 1472 3521 41.).
1527 3441 1562 3520 5.
1578 3412 1822 3499 Notionibus
1839 3418 1916 3501 istis
1932 3434 1984 3497 at-

679 3556 754 3641 que
768 3528 919 3631 judiciis
933 3532 1180 3636 comparatis,
1225 3528 1274 3609 de
1297 3528 1408 3611 rebus
1425 3528 1550 3613 obviis
1565 3534 1831 3613 ratiocinantur
1848 3560 1897 3614 ex
1913 3556 1986 3635 ee,

680 3644 788 3757 quod
831 3647 872 3723 in
890 3643 1029 3724 iisdem
1072 3641 1375 3752 deprehendant,
1403 3671 1483 3754 quae
1500 3650 1651 3728 notioni
1666 3650 1812 3753 generis
1830 3646 1891 3731 vel
1907 3649 1986 3757 spe-

679 3762 753 3843 ciei
768 3756 924 3859 alicujus
938 3755 1185 3865 respondent,
1198 3755 1443 3865 colligentes,
1457 3786 1541 3842 eam
1557 3766 1743 3871 pertinere
1759 3763 1806 3845 ad
1828 3762 1907 3847 hoc
1923 3788 1988 3873 ge·

678 3902 751 3959 nus
758 3938 771 3978 ,
797 3871 859 3956 vel
871 3876 919 3955 ad
933 3872 1032 3953 hanc
1074 3871 1260 3981 speciem,
1295 3878 1407 3986 eique
1434 3877 1532 3960 adeo
1553 3877 1796 3961 tribuendum
1826 3879 1900 3962 effe
1918 3904 1989 3963 no·

678 3986 791 4098 rnen,
818 4014 898 4103 quo
913 4014 1033 4096 genus
1049 3986 1146 4070 illud
1163 3988 1225 4071 vel
1247 3990 1387 4099 species
1402 3992 1468 4074 ista
1482 3992 1690 4102 defignatur
1716 3995 1770 4102 (§.
1787 3996 1900 4103 48.);
1929 3992 1995 4079 vel

681 4136 732 4193 ex
745 4134 817 4213 e0,
844 4105 954 4218 quod
967 4128 1026 4185 res
1042 4100 1154 4186 obvia
1170 4105 1219 4187 ad
1240 4103 1320 4188 hoc
1342 4135 1462 4215 genus
1485 4108 1547 4191 vel
1568 4109 1665 4192 hanc
1688 4109 1850 4217 speciem
1874 4112 1996 4217 perti-

681 4246 791 4331 neat,
818 4248 862 4307 ac
877 4219 1032 4331 praesens
1050 4220 1133 4322 ejus
1146 4216 1219 4301 elle
1233 4220 1461 4331 intelligatur
1484 4225 1678 4327 conditio,
1706 4220 1920 4327 inferentes,
1938 4230 1996 4308 ei.

684 4341 777 4425 dem
790 4336 907 4425 tribui
920 4334 1077 4440 debere,
1104 4336 1213 4447 quod
1234 4364 1303 4445 per
1324 4339 1463 4441 judicie
1493 4358 1579 4421 ante
1595 4334 1764 4449 acquisita
1781 4344 1913 4445 generi
1930 4340 1993 4425 vel

682 4454 820 4562 speciei
858 4450 933 4539 five
977 4446 1175 4556 absolute,
1212 4448 1288 4539 five
1309 4450 1379 4539 sub
1404 4454 1470 4537 istc
1496 4454 1719 4537 conditione
1744 4448 1994 4543 tribuendum

678 4565 1060 4681 <tantem
1891 4690 1931 4761 H

1932 4710 1991 4759 mc
