4834 5634
633 405 723 623 '82
1006 492 1116 628 cap.
1134 486 1224 597 VI.
1244 488 1325 601 De
1342 482 1607 597 Libertate

430 722 523 812 (olaus
535 725 701 805 veritoin
719 716 886 839 eligendis
887 714 1082 821 sententiis
1081 716 1198 825 soliar
1208 721 1378 799 veritatir
1390 721 1565 799 rationem
1580 706 1710 797 babere
1718 707 1828 801 deber.
1887 708 1974 851 Qi

432 836 476 897 ns
490 824 635 899 habenda
664 841 768 919 enim
790 831 1072 944 philosophiam
1094 830 1284 913 methodo
1308 829 1571 939 philosophica
1595 828 1740 911 tradere
1765 828 1897 935 debet,
1935 850 1972 914 rs

430 936 527 1001 ratio.
664 948 757 1032 nulli
789 946 1038 1057 propofitioni
1063 950 1102 1025 in
1144 947 1277 1027 eadem
1310 944 1441 1027 locum
1467 942 1674 1028 concedere
1706 964 1876 1049 tenetur,
1902 941 1973 1033 niti

664 1092 778 1175 quam
794 1093 841 1145 ex
865 1064 1058 1170 principiis
1082 1060 1305 1141 sufficienter
1327 1058 1494 1167 probatis
1519 1058 1689 1165 legitime
1706 1058 1893 1142 deducere
1907 1082 1974 1141 va·

662 1179 713 1260 let
729 1182 782 1285 (p.
802 1184 912 1282 118),
943 1179 1067 1255 immo
1083 1200 1164 1256 non
1180 1174 1364 1256 utendum
1378 1172 1443 1281 ipit
1461 1176 1653 1281 principiis
1662 1170 1729 1255 nist
1745 1173 1972 1257 sufficienter

661 1293 826 1403 probatis
843 1296 896 1401 (a.
915 1291 1348 1399 117.>,nequeterminis
1365 1286 1429 1367 nili
1446 1308 1613 1369 accurata
1622 1286 1844 1371 definitione
1851 1284 1974 1397 expli·

660 1414 750 1491 catis
768 1412 819 1515 (i.
839 1408 944 1511 no).
962 1402 1215 1485 Definitiones
1230 1400 1422 1484 censentur
1439 1422 1627 1505 accurata,
1647 1428 1728 1513 quar
1744 1396 1905 1509 Logicae
1914 1428 1972 1485 re·

658 1521 757 1630 galis
773 1520 996 1630 respondent
1012 1522 1105 1623 (not.
1137 1519 1168 1624 p.
1184 1518 1293 1623 cit),
1309 1516 1479 1629 adeoque
1495 1545 1574 1599 non
1598 1510 1868 1622 admittuntur,
1902 1514 1969 1608 nili

661 1636 814 1748 quando
835 1660 895 1717 eas
912 1634 1049 1715 iisdem
1065 1630 1287 1740 respondere
1304 1632 1547 1713 demonstrari
1570 1631 1702 1738 potest.
1759 1628 1806 1715 ln
1820 1626 1968 1739 Logica

662 1778 816 1863 quoque
834 1752 1010 1851 docetur,
1052 1744 1256 1857 quomodo
1272 1750 1455 1855 principia
1469 1767 1568 1830 certa
1590 1765 1674 1828 tum
1688 1773 1757 1857 per
1772 1750 1968 1856 experien-

660 1870 754 1949 tiam
770 1862 1013 1966 stabiliantur,
1041 1883 1124 1944 tum
1140 1888 1207 1968 per
1224 1865 1418 1942 ratiocinia
1437 1884 1612 1944 eruantur
1628 1862 1720 1971 (not.
1742 1856 1971 1973 §.117.),ad‹

663 2006 787 2091 eoque
802 1976 1052 2087 philosophus
1069 1979 1252 2084 principia
1268 1975 1490 2059 sufficienter
1512 1973 1668 2087 probata
1688 1996 1837 2082 tuetur,
1871 2001 1969 2090 quo-

662 2122 751 2176 rum
767 2092 995 2175 evidentiam
1009 2118 1075 2199 per
1089 2088 1234 2195 regulas
1258 2088 1399 2195 logicas
1416 2092 1592 2198 agnoscit.
1653 2090 1698 2176 ln
1711 2092 1846 2192 eadem
1862 2091 1968 2199 deni„

661 2236 736 2319 quc
749 2203 900 2312 Logica
917 2208 1097 2307 docetur,
1125 2202 1328 2315 quomodo
1345 2203 1600 2293 conclufiones
1618 2236 1666 2291 ex
1672 2209 1868 2318 principiis
1875 2204 1969 2317 legi·

663 2318 1969 2437 tirnaconliqucntiadeducantur(not.§.118.),adeoquephilolophue

664 2456 841 2545 tanquam
880 2432 1175 2515 demonstratum
1208 2459 1288 2515 non
1311 2434 1500 2539 admittit,
1535 2438 1601 2522 nisa
1616 2440 1723 2549 quod
1737 2437 1967 2521 demonstra·

664 2570 749 2631 tum
765 2546 835 2629 effe
850 2575 916 2656 per
932 2544 1075 2653 regulas
1091 2542 1249 2654 Logicae
1264 2552 1436 2631 evincere
1452 2550 1559 2634 valet.
1589 2552 1728 2638 Omnis
1744 2551 1967 2670 philosophi

665 2666 837 2769 cognitio
881 2662 928 2742 ad
944 2662 1182 2745 definitiones
1220 2662 1555 2773 &propositiones
1576 2694 1781 2782 earumque
1807 2668 1969 2758 demon

664 2780 856 2861 strationes
873 2776 981 2878 redit,
1009 2777 1115 2885 qnod
1131 2776 1213 2883 ipso
1226 2804 1340 2891 opere
1350 2779 1585 2866 manifestum
1602 2782 1969 2892 inLogicademon·

664 2894 765 2973 litari
781 2890 912 2998 potest.
972 2884 1235 3011 Qamobrcm
1251 2891 1276 2972 fi
1295 2892 1576 3003 philolophiam
1593 2900 1781 2983 methodo
1798 2899 1966 3011 philoso-

664 3005 776 3114 phica
792 3004 914 3105 tradit,
931 3030 1010 3083 non
1030 3006 1194 3086 admittit
1208 3005 1274 3089 nisi
1289 3008 1395 3117 quod
1415 3038 1481 3117 per
1500 3014 1644 3119 regulas
1660 3015 1803 3121 logicas
1820 3017 1966 3103 admitti

665 3120 798 3230 potell.
864 3114 1075 3201 Enimvero
1093 3115 1244 3226 Logica
1266 3148 1325 3203 eas
1342 3125 1451 3204 tradit
1467 3126 1633 3235 tegulas,
1662 3130 1799 3240 quibus
1814 3125 1966 3218 incultae

667 3234 921 3342 cognoscitiva
943 3234 1115 3340 dirigitur
1131 3238 1170 3314 in
1188 3238 1448 3341 cognoscenda
1464 3246 1615 3325 veritate
1641 3248 1694 3353 (§.
1713 3248 1812 3359 on),
1838 3247 1966 3333 const·

665 3370 823 3460 quenter
838 3352 903 3459 qai
922 3375 1000 3429 non
1016 3350 1190 3453 admittit,
1220 3350 1285 3436 nili
1307 3352 1413 3462 qaod
1426 3382 1493 3462 per
1506 3358 1651 3463 tegulas
1670 3358 1812 3468 logicas
1821 3364 1969 3466 admitti

663 3464 799 3571 potest,
808 3468 840 3545 is
854 3460 908 3542 nil
923 3463 1098 3567 admittit,
1127 3463 1193 3547 nist
1209 3470 1296 3575 quia
1312 3468 1353 3548 id
1361 3496 1491 3550 verum
1509 3471 1579 3553 elle
1589 3474 1780 3557 evidenter
1789 3478 1966 3589 agnoscit.

662 3572 952 3681 Philosophiam
976 3580 1100 3685 itaque
1127 3579 1316 3663 methodo
1338 3580 1601 3695 philolbphica
1625 3590 1825 3684 traditurus
1842 3602 1884 3683 in
1900 3594 1963 3707 eli

665 3691 798 3799 gaudis
806 3690 993 3773 sententiis
1000 3688 1115 3773 solius
1124 3697 1287 3777 veritatis
1295 3701 1481 3781 rationem
1497 3700 1634 3787 habere
1650 3703 1772 3792 debet.

432 3801 502 3875 uon
517 3818 619 3873 atterr-
1247 3816 1276 3903 §.
1329 3838 1401 3917 155.

430 3899 623 4021 dendafimt
799 3915 907 4003 Hinc
922 3919 1831 4053 consequitur,qumdiuphilojopbiamethodopbt'lo
1848 3944 1971 4061 ophim

429 4020 569 4121 ramnes
586 4028 639 4075 ’κ’
664 4025 844 4141 traditur,
862 4037 1968 4154 iteligendasententiaexularedebereomnesrotr'onerextrirt·

430 4104 577 4202 'rmsm'
651 4153 769 4266 ficas.
840 4145 923 4275 Qi
940 4156 1044 4237 enim
1060 4158 1223 4237 veritatis
1239 4175 1383 4241 tantum
1400 4164 1584 4244 rationem
1606 4164 1744 4249 habere
1760 4147 1888 4279 debet,
1918 4200 1965 4265 ut

663 4268 883 4351 sententiam
924 4294 1039 4350 unam
1059 4268 1228 4377 preferat
1252 4270 1354 4377 aliis,
1382 4276 1488 4386 quod
1512 4304 1596 4361 eam
1612 4284 1755 4364 veritati
1771 4288 1966 4377 consentu.

660 4404 770 4465 neam
798 4381 1045 4492 deprehendit
1086 4384 1282 4493 (§.154.);
1328 4393 1358 4473 is
1374 4417 1452 4473 non
1468 4389 1519 4473 ob
1536 4391 1623 4479 alias
1641 4401 1802 4479 rationes
1817 4402 1966 4495 senten·

654 4498 747 4575 tiam
762 4497 951 4605 quandam
967 4495 1097 4605 eligit,
1134 4497 1285 4584 aliunde
1301 4531 1416 4615 qaam
1439 4504 1485 4588 ab
1500 4507 1575 4614 ipla
1600 4539 1725 4599 rerum
1739 4526 1965 4623 cognition,

650 4607 831 4699 derivans
837 4674 853 4723 ‚
881 4638 1121 4738 quaeautque·
1130 4612 1290 4711 demun
1305 4622 1464 4715 nomme
1479 4625 1640 4737 veniam
1825 4640 1964 4735 Mala
