4834 5634
511 595 820 747 Delegendis
827 594 975 713 libris
983 598 1604 755 hr'storicr'sb'dog'a'rdticir.'
1640 618 1750 765 657

438 862 561 953 quem
576 839 618 920 in
637 832 920 946 interpretando
935 838 1164 945 committit,
1177 840 1352 925 confiteri
1374 846 1508 927 renuit.
1567 842 1611 929 In
1625 850 1748 957 priori

440 954 529 1039 casu
544 954 713 1063 supinam
728 950 801 1033 eise
822 946 1120 1059 negligentiam,
1148 952 1256 1041 nullo
1280 956 1405 1044 modo
1429 960 1746 1071 condonandam,

438 1070 643 1187 prasertim
657 1066 725 1152 ubi
746 1096 796 1151 ex
818 1063 905 1149 saliit
926 1072 1232 1175 interpretatione
1254 1070 1490 1158 deducuntur
1513 1078 1745 1190 consequen·

403 1191 413 1202 '
430 1194 496 1276 titt
511 1188 637 1269 autori
652 1180 837 1286 molesta,
853 1208 972 1265 nemo
988 1184 1041 1264 est
1055 1190 1122 1295 qui
1136 1185 1289 1270 diffiteri
1305 1186 1405 1273 ausit.
1463 1185 1507 1272 In
1520 1192 1604 1275 casu
1619 1196 1745 1305 poste-

436 1304 533 1389 riori
547 1328 638 1385 cum
653 1304 750 1385 ratio
764 1324 845 1383 non
860 1304 900 1381 in
925 1296 1119 1385 inteliestu
1139 1300 1307 1409 hereat,
1333 1308 1372 1386 in
1393 1304 1588 1390 voluntate
1611 1313 1742 1423 utique

438 1414 648 1535 quaerenda.
711 1412 797 1501 Aut
812 1417 926 1523 igitur
940 1442 1111 1499 errorem
1125 1419 1300 1502 confiteri
1315 1448 1396 1505 non
1411 1420 1620 1535 vult,quod
1634 1447 1743 1509 auto-

436 1536 521 1621 'tori
534 1560 674 1619 nocere
687 1529 937 1635 intendimur
951 1557 999 1613 ne
1015 1530 1252 1641 negligentia,
1262 1533 1322 1617 vel
1340 1543 1547 1644 ignorantia
1564 1536 1629 1648 ipsr
1645 1546 1742 1625 vitio

443 1670 619 1737 vertantr.
674 1642 799 1763 Quod
814 1652 937 1729 autori
958 1672 1098 1731 nocere
1120 1651 1318 1735 intendens
1342 1652 1478 1737 odiurn
1508 1680 1596 1761 erga
1618 1657 1742 1766 ipsum

441 1770 576 1853 animo
592 1767 809 1873 conceperit
828 1790 840 1855 ;
865 1768 1039 1873 quivero
1063 1763 1298 1872 negligentia
1326 1766 1389 1849 vel
1413 1774 1632 1876 ignorantiae'
1655 1798 1742 1856 reus

440 1880 573 1969 haberi
588 1905 669 1964 non
683 1876 791 1983 vuit,
814 1874 908 1960 fanu
929 1881 1029 1960 inani
1051 1898 1219 1986 turgeat:
1245 1879 1374 1967 denuo
1397 1882 1481 1967 satis
1503 1882 1743 1972 manifestum

442 1998 518 2088 esse
533 1996 715 2100 arbitror,
729 2012 773 2077 ut
786 1991 892 2075 idem
907 1990 1079 2076 ulteriori
1095 1994 1320 2105 probatione
1337 2024 1417 2082 non
1433 1998 1609 2108 indigeat.

543 2111 712 2212 Equidem
727 2134 831 2184 nemo
847 2103 945 2181 senua
957 2115 1144 2204 negaverit,
1152 2115 1264 2187 minus
1277 2117 1360 2188 vitio
1368 2119 1453 2187 rerti
1468 2117 1745 2215 praecipitandam

492 2218 531 2289 in
546 2208 626 2287 falsa
641 2214 919 2308 interpretatione
936 2214 1087 2310 primum
1102 2210 1329 2303 commissam,
1344 2238 1445 2311 quant
1461 2214 1516 2289 vel
1530 2216 1744 2313 odiunt,quo

497 2338 653 2389 autorem
663 2308 903 2413 prosequentes
916 2308 1032 2403 fama,
1047 2312 1103 2385 vel
1116 2310 1265 2387 fortunae
1279 2314 1381 2416 ipsrua
1401 2316 1611 2409 infidiamur,
1629 2316 1684 2391 vel
1698 2312 1746 2391 sa·

493 2416 582 2495 sium
596 2420 752 2505 inanem,
767 2410 856 2513 quasa
876 2412 963 2486 ultra
981 2415 1165 2489 humanam
1178 2408 1301 2490 sortem
1317 2414 1424 2491 eveffl
1437 2444 1549 2494 errare
1564 2444 1634 2492 non
1648 2413 1747 2519 possi·

495 2546 591 2597 mua:
606 2520 674 2592 hoc
689 2538 801 2589 tamen
819 2539 890 2587 non
907 2512 1058 2589 obstante
1075 2540 1151 2589 mos
1167 2520 1255 2590 inter
1268 2518 1417 2591 eruditos
1431 2518 1600 2610 obtinuit,
1624 2542 1663 2593 ut
1678 2544 1747 2594 rna·

495 2622 562 2697 lint
577 2642 694 2695 contra
709 2616 911 2691 evidentiam
924 2610 1012 2692 falsae
1027 2620 1296 2720 interpretationi
1310 2620 1494 2707 inhaerere,
1512 2648 1613 2719 quam
1631 2624 1748 2721 praeci·

524 2725 675 2797 itantiam
690 2716 782 2793 suam
798 2716 961 2793 confiteri.
1012 2721 1111 2791 Ratio
1124 2722 1289 2795 nimirum
1309 2719 1378 2797 haec
1392 2718 1461 2811 est,
1488 2722 1579 2821 quod
1596 2718 1654 2795 fibi
1671 2748 1748 2821 per·

496 2750 675 2913 suadeant,
690 2820 765 2895 fieri
780 2846 850 2893 non
867 2816 979 2918 posse,
994 2840 1033 2893 ur
1046 2821 1118 2894 aliia
1135 2820 1399 2911 innoteseat,nos
1417 2848 1532 2897 contra
1548 2824 1750 2901 evidentiam

498 2926 591 3003 maio
605 2919 957 3019 animoniti,adeoque
974 2921 1186 3022 proposrtum
1193 2924 1340 2996 nocendi
1352 2929 1469 3013 autori,
1477 2926 1529 2998 vel
1545 2920 1664 2999 fastum
1680 2931 1751 2999 ina-

501 3052 583 3105 nem
600 3030 794 3123 interpretia
810 3046 902 3096 certo
915 3018 1107 3115 agnoscant.
1141 3021 1330 3099 Enimvero
1347 3031 1406 3124 qui
1421 3026 1627 3101 theoremata
1639 3028 1752 3102 nostra

500 3122 722 3231 perspexerit,
737 3126 807 3197 bare
823 3150 892 3197 non
908 3124 1054 3223 amplius
1069 3127 1105 3197 in
1120 3150 1240 3199 eorum
1257 3152 1437 3201 numerum
1454 3124 1586 3217 reseret,
1596 3128 1752 3227 quaefieri

503 3254 577 3308 non
589 3224 677 3329 posse
690 3228 909 3325 judicantur.·
934 3226 1066 3315 Doleo,
1082 3228 1177 3329 quod
1197 3232 1263 3305 viri
1286 3226 1409 3305 eruditi
1428 3255 1500 3304 non
1525 3235 1630 3327 magis
1653 3225 1752 3308 famte

503 3326 570 3411 sue
581 3334 748 3409 rationem
764 3327 924 3405 habeant!

1032 3464 1064 3571 d.
1095 3463 1187 3569 926.

560 3610 605 3695 St*
619 3602 826 3725 compilator
849 3630 918 3689 non
939 3607 1058 3687 utitur
1074 3596 1364 3709 dfinitionibus,
1386 3626 1476 3715 quas
1491 3602 1548 3689 vel
1563 3610 1601 3689 in
1618 3602 1754 3714 eodm,
1775 3635 1988 3741 Qandopffi

446 3724 512 3817 oei
528 3730 569 3811 in
584 3724 883 3827 diverfirlirr'ptt's
906 3720 1034 3825 affert,
1051 3723 1110 3803 ubi
1124 3746 1251 3803 eorum
1265 3721 1495 3837 applicantur
1504 3720 1633 3830 prodit
1645 3725 1755 3832 [ofin
1772 3742 1937 3839 poſsemus
1984 3724 1988 3731 ’

441 3842 719 3959 propofitionum
736 3838 794 3921 vel
807 3836 939 3942 difies,
963 3838 1022 3919 vel
1034 3835 1147 3919 nultus
1162 3867 1177 3927 ,·
1195 3835 1440 3952 propqfinones
1452 3857 1522 3943 per
1545 3838 1756 3945 difinitione
1780 3844 1990 3941 conpilatoris

448 3960 694 4066 interpretari
712 3980 780 4037 non
801 3953 892 4034 iicet.
954 3946 1110 4031 Etenim
1137 3978 1228 4033 curn
1253 3950 1376 4035 verbis
1407 3950 1557 4059 singulis
1581 3960 1759 4038 notiones
1774 3964 1835 4042 prr
1847 3942 2004 4031 definitio

450 4077 686 4181 coniungere
701 4091 895 4171 tenemur,
912 4092 1002 4179 quas
1019 4094 1109 4147 curn
1125 4065 1261 4149 iisdem
1278 4070 1397 4173 jungit
1413 4088 1522 4151 autor
1546 4072 1609 4179 (§.
1626 4098 1715 4179 903.
1727 4076 1759 4180 ).
1781 4069 1832 4113 nes
1840 4048 2005 4149 riano-ptr·-

452 4188 536 4275 Sed
548 4188 615 4272 nbi
629 4184 858 4295 compilator
872 4210 940 4293 per
955 4180 1049 4263 aiios
1066 4180 1182 4265 libros
1200 4182 1315 4292 sparsa
1334 4186 1373 4261 in
1393 4212 1514 4265 unurn
1538 4214 1679 4294 cogens
1704 4194 1762 4271 in·
1784 4144 1899 4221 “nd“

454 4307 567 4417 super
589 4302 715 4387 habita
740 4302 941 4383 veritatum
963 4302 1205 4381 connexione
1233 4298 1293 4407 (§.
1310 4306 1434 4404 889.)
1458 4298 1765 4410 definitionibus,

458 4447 553 4537 quas
570 4422 677 4503 affert
694 4480 707 4522 ,
735 4443 815 4498 non
831 4421 977 4507 utiturt
1007 4414 1084 4523 ipse
1099 4417 1284 4495 temrinos
1302 4418 1339 4492 in
1356 4412 1680 4523 propositionibus
1696 4420 1767 4502 ob-

453 4541 544 4622 vios
561 4563 629 4645 per
643 4532 883 4616 definitiones
903 4558 984 4616 non
1001 4526 1358 4639 explicat,adeoque
1374 4557 1453 4614 non
1472 4532 1770 4639 attendit,ntrum

460 4652 585 4753 sensus
601 4677 732 4733 earum
747 4644 789 4729 srt
804 4645 907 4733 hisce
924 4646 1214 4747 consentaneus,
1230 4670 1300 4727 nec
1315 4672 1374 4729 ne.
1432 4642 1533 4733 Non
1550 4651 1664 4759 igitur
1681 4680 1772 4765 pro.

565 4774 699 4881 §Woifii
712 4778 850 4875 logica)
1176 4757 1251 4849 00
1268 4786 1332 4851 00
1674 4766 1772 4881 pofi.
