4834 5634
655 678 715 758 132
752 642 957 749 Parnl.
978 640 1090 745 Seu.
1109 631 1149 744 I.
1169 641 1279 773 th.
1309 637 1349 743 Ζ
1379 640 1467 744 *De
1486 638 1660 813 tribur
1683 644 1863 749 mentis

660 873 839 957 notiones
855 886 898 947 ut
922 864 1021 973 signo
1039 864 1086 945 ad
1108 892 1170 946 res
1190 862 1408 972 significatas
1424 871 1481 971 (§.
1499 888 1558 971 34.
1576 870 1637 973 36.
1650 868 1705 974 ·)3
1727 874 1776 949 itu
1802 866 1975 950 similiter

663 986 842 1072 differunt
858 986 972 1063 etium
988 980 1477 1083 enunciationcs&jt1diciu
1496 1002 1543 1062 ut
1566 981 1665 1089 figna
1696 984 1808 1065 &res
1831 982 1971 1066 iisdem

663 1100 876 1206 indigitant.

762 1211 929 1309 Equidem
943 1205 1049 1299 vulgo
1063 1214 1253 1283 enunciotio
1271 1209 1303 1283 dr
1318 1208 1480 1309 judicium
1494 1235 1561 1311 pro
1572 1205 1770 1307 synonymis
1784 1210 1973 1302 habentur3

666 1388 670 1397 ,
708 1308 767 1415 sed
782 1314 914 1384 veritati
930 1336 1052 1406 parum
1061 1317 1316 1385 convenienter:
1333 1316 1458 1384 etenim
1474 1306 1649 1384 discrimen
1657 1311 1738 1383 adeo
1755 1312 1973 1389 luculentum

710 1410 766 1502 est,
783 1436 821 1486 ut
837 1415 873 1483 in
892 1409 1033 1483 dubium
1049 1418 1160 1485 vocari
1171 1437 1324 1511 nequeat,
1332 1412 1503 1509 erssvulgo
1519 1410 1558 1483 nd
1567 1411 1656 1485 idem
1667 1438 1736 1484 non
1755 1415 1971 1491 attenderint.

710 1519 835 1612 Neque
848 1508 907 1583 usu
923 1536 1020 1602 caret,
1035 1512 1226 1611 diudicium
1237 1512 1275 1585 ab
1286 1518 1521 1587 enunciatione
1531 1510 1761 1605 distinguitur:
1779 1512 1971 1591 licutienim

710 1619 847 1689 termini
864 1617 979 1686 inanes
995 1620 1133 1714 pariunt
1145 1616 1448 1713 ideasdeceptrices
1465 1620 1505 1709 (d.
1516 1618 1598 1711 38.)·‚
1615 1619 1972 1715 itaquoquoenuncin-

708 1722 866 1790 tionesex
880 1718 1104 1787 terminorum
1119 1720 1270 1788 inanium
1285 1712 1532 1791 combinatione
1546 1711 1740 1789 resultantes
1753 1712 1832 1793 sunt
1846 1725 1971 1809 manes,

709 1814 834 1915 quibuc
848 1816 941 1889 uuila
950 1809 1154 1914 respondent
1169 1818 1302 1915 judicia,
1319 1808 1373 1889 scd
1391 1810 1595 1917 respondere
1609 1818 1848 1899 tantummodo
1856 1820 1975 1895 viden·

709 1940 779 1993 tur.
831 1920 1015 1991 Enimvero
1032 1943 1070 1989 ea
1085 1943 1126 1991 cx
1138 1914 1484 2017 sequentibusclarius
1498 1916 1705 1995 constabunt.

1124 2173 1127 2179 .
1249 2110 1277 2196 ς.
1384 2166 1394 2185 ,

428 2260 637 2337 individuum
819 2246 1016 2363 Qricquid
1031 2247 1135 2328 scnsu
1149 2124 1400 2355 percipimii,
1420 2240 1495 2327 five
1510 2261 1689 2351 exterum
1709 2236 1782 2350 five
1810 2245 1982 2351 interne,

430 2365 514 2469 quid
523 2364 663 2474 duatun
671 2384 736 2451 nur
751 2368 1022 2471 imaginamur,
1035 2362 1076 2445 id
1092 2358 1273 2469 singulare
1290 2360 1384 2471 quid
1399 2362 1472 2467 est,
1485 2361 1655 2474 soletque
1669 2360 1896 2447 individuum
1910 2385 1982 2474 ap-

661 2480 808 2597 ¹polluti.

665 2646 669 2652 -
769 2599 807 2665 E.
823 2618 875 2685 gr.
896 2596 1026 2691 Equus,
1046 2613 1148 2687 qoem
1163 2588 1326 2675 videmus,
1342 2582 1388 2660 est
1404 2612 1465 2661 ens
1481 2583 1652 2684 quoddam
1668 2589 1703 2660 in
1723 2586 1904 2684 Jingulari,
1916 2583 1977 2665 seu

715 2720 822 2768 unum
839 2693 929 2791 quid.
980 2696 1105 2779 Sonus,
1123 2717 1226 2801 quem
1244 2689 1409 2780 audimus,
1423 2687 1469 2761 est
1482 2687 1563 2787 quid
1574 2688 1746 2782 unguine,
1764 2684 1915 2766 diversus
1927 2690 1973 2765 rb

710 2821 771 2884 eo,
787 2820 889 2893 quem
908 2796 975 2865 aiio
992 2816 1147 2893 tempore
1164 2797 1380 2890 percipimur.
1429 2796 1464 2863 Si
1477 2786 1574 2862 nobis
1582 2783 1694 2864 sumus
1702 2786 1825 2865 conscii
1834 2791 1975 2891 alicujus

705 2901 902 2971 mutationis
911 2899 946 2966 in
965 2918 1079 2966 mente
1098 2891 1225 2983 nostr-t,
1240 2895 1296 2965 illa
1310 2894 1450 2965 montio
1464 2889 1654 2984 ungulatis,
1669 2890 1794 2966 diversa
1813 2893 1853 2967 ab
1877 2898 1975 2966 omni

704 2997 996 3097 reliqua,quaealio
1009 3018 1165 3093 temporc
1178 2998 1374 3092 percipitur.
1425 2998 1542 3083 Imago
1552 2992 1657 3067 lconis
1667 3001 1699 3065 vi
1715 2999 1968 3088 imaginationis

709 3097 885 3199 prodidi-r,
896 3123 969 3193 quae
985 3097 1093 3186 oculis¹
1110 3093 1229 3169 nostris
1246 3098 1389 3181 oberrat,
1407 3120 1465 3165 ens
1483 3092 1650 3190 quoddnn
1667 3096 1833 3189 fingularc
1848 3122 1972 3197 reprrc·

712 3199 829 3276 senttt.
880 3196 1048 3270 Nondum
1065 3198 1121 3269 hic
1139 3195 1336 3285 definimus,
1353 3193 1480 3293 quidfit
1496 3192 1718 3284 individuum,
1734 3194 1972 3272 notioneciatc

713 3305 878 3376 contenti:
901 3296 1055 3373 dabimus
1072 3322 1185 3373 tamen
1200 3294 1361 3385 insenos,
1377 3321 1449 3395 quae
1470 3294 1511 3366 ud
1527 3294 1711 3373 diffindam
1727 3300 1797 3399 ejus
1806 3304 1970 3394 cognitio·

715 3430 796 3477 nem
812 3399 972 3505 spestant.
1240 3494 1266 3611 §

432 3620 551 3718 speciei
564 3614 638 3703 defi·
810 3611 885 3697 Rcs
903 3614 1121 3722 inguines,
1138 3642 1230 3725 quos
1245 3619 1488 3723 percipimus,
1503 3611 1564 3693 vci
1580 3616 1617 3693 in
1636 3608 1863 3724 quibusdum
1879 3614 1982 3703 fimi.

433 3729 524 3794 nitio.
672 3726 728 3811 ics
743 3727 826 3810 sunt
841 3735 937 3813 inter
951 3733 988 3812 so
1002 3730 1062 3811 vcl
1072 3732 1153 3812 litut
1170 3729 1375 3811 diffitnilcs,
1439 3725 1536 3849 Qu
1553 3726 1687 3813 ssmiles
1705 3726 1811 3838 lunt,
1828 3734 1876 3817 ad
1891 3764 1980 3817 cun·

669 3845 759 3926 dem
775 3845 920 3928 classem
937 3843 1149 3950 reseruntur,
1164 3872 1280 3957 quum
1295 3849 1427 3951 Speritt'
1450 3850 1607 3927 nominc
1622 3846 1852 3955 infignimus.
1911 3848 1980 3935 Est

663 3964 789 4073 ituque
805 3966 940 4079 Species
952 3961 1159 4047 similitudo
1174 3962 1492 4043 individuorum.-

762 4109 799 4179 Ε.
815 4132 863 4201 gt.
891 4110 1021 4179 Omnes
1030 4102 1290 4204 equisuntinter
1301 4097 1331 4177 se
1348 4103 1481 4193 fimiics3
1494 4098 1723 4178 undccloffem
1740 4104 1978 4185 constituimus

714 4212 854 4295 entium,
870 4232 972 4305 quem
988 4212 1068 4303 equi
1082 4212 1222 4280 nomine
1238 4206 1459 4299 defignnmus.
1507 4206 1665 4276 Similiter
1678 4234 1796 4281 omnes
1814 4210 1975 4285 homines

712 4303 789 4383 sunt
803 4314 890 4383 inter
905 4304 936 4382 sc
951 4310 1089 4399 ssmiles,
1101 4331 1200 4406 atque
1216 4308 1290 4381 idco
1306 4304 1434 4382 cinisem
1450 4312 1579 4378 entium
1602 4309 1971 4385 construimuscuiho·

710 4416 813 4485 minis
836 4434 963 4485 nomen
986 4416 1204 4511 imponimus.
1254 4410 1414 4483 Similiter
1436 4411 1552 4480 omnia
1566 4410 1731 4503 triangulo
1746 4408 1919 4487 restilincn
1934 4420 1972 4490 in

710 4534 754 4584 co
769 4518 976 4587 conveniunt
991 4518 1080 4587 inter
1095 4510 1145 4601 sc,
1159 4512 1252 4611 qood
1267 4513 1374 4585 tribus
1392 4513 1486 4584 lincis
1500 4512 1974 4610 comprehendantur,&idto

712 4610 816 4687 claffis
829 4614 1015 4707 figurarum
1030 4616 1138 4689 tribus
1154 4613 1250 4686 lineis
1267 4611 1753 4705 terminatarumconstituituq
1762 4621 1817 4691 cui
1826 4621 1976 4717 triangu-

711 4708 826 4787 lorum
841 4716 1096 4797 restiiincorum
1112 4712 1200 4794 cedit
1212 4738 1351 4793 nornen.
1402 4717 1574 4814 Qtoniatn
1590 4709 1715 4816 specics
1730 4743 1802 4794 non
1819 4718 1973 4895 designqr

1910 4848 1972 4899 rut
