4834 5634
532 519 544 543 ’
666 544 782 682 484
816 536 962 655 tart.
977 535 1046 653 Η.
1060 534 1172 645 un
1185 533 1252 648 u.
1269 526 1378 669 erp.
1392 533 1460 643 ιι.
1494 532 1575 649 oe
1570 526 1867 668 formandis

767 768 807 840 E.
818 792 867 861 gr.
892 769 1032 859 Irpirrxus
1043 768 1163 868 physici
1167 774 1279 837 anima
1286 768 1322 833 iu
1330 757 1570 863 corpurnuilam
1585 758 1958 859 prorsus'ghobemum·

720 872 860 957 tionem,
867 893 936 955 nee,
943 867 1027 940 dum
1042 868 1083 937 ad
1097 866 1306 938 voluntatem
1324 868 1440 933 animae
1455 883 1639 936 moventur
1653 889 1778 959 organa
1797 864 1960 961 corpotit,

721 972 902 1066 quicquam
917 974 987 1063 ejus
1004 969 1211 1065 percipimus
1227 995 1235 1036 :
1251 989 1429 1062 perperam
1446 965 1550 1055 igitur
1565 965 1707 1049 dicitur,
1718 964 1813 1062 quod
1826 963 1960 1037 eundern

720 1076 944 1168 experiamur.
989 1067 1148 1140 Similiter
1163 1076 1216 1139 uis
1237 1064 1419 1137 attraliiuae
1436 1074 1615 1161 niagnrtr'r,
1637 1089 1805 1165 quatenus
1819 1088 1895 1137 earn
1908 1086 1961 1161 pto

723 1165 821 1241 causa
834 1170 1048 1266 phaenomeni
1063 1164 1192 1239 attraiii
1206 1196 1225 1240 a
1240 1190 1393 1259 magnete
1405 1161 1490 1237 fetri
1498 1165 1717 1255 venditemus,
1726 1166 1859 1239 nuliam
1878 1188 1962 1263 pror·

722 1264 778 1342 sus
794 1275 966 1341 notionem
985 1268 1161 1357 hebemus,
1176 1295 1238 1342 nec
1252 1268 1323 1359 ejus
1338 1270 1514 1364 quiequam
1527 1272 1746 1363 percipimus,
1754 1268 1839 1339 dum
1846 1262 1964 1339 fetrum

726 1396 746 1441 a
763 1392 918 1461 magnete
939 1372 1061 1441 attrahi
1078 1365 1302 1443 observamus.
1356 1371 1454 1439 Errat
1469 1370 1571 1459 igitur
1588 1364 1784 1459 affirmans,
1806 1362 1837 1441 se
1852 1371 1918 1441 vim
1930 1388 1964 1437 at·

724 1475 900 1547 trattivam
914 1472 1078 1567 magnetis
1092 1475 1252 1571 erpetui,
1269 1490 1324 1542 aut
1340 1492 1401 1567 per
1417 1470 1658 1567 experientiam
1674 1470 1818 1545 eandem
1827 1491 1945 1571 parere

428 1770 628 1865 Vitiumsnb·
788 1758 973 1848 Errorcm
988 1768 1029 1845 in
1044 1761 1282 1871 experiundo
1297 1762 1561 1868 commiffum',
1577 1790 1657 1875 quo
1674 1762 1792 1847 nobis
1805 1765 1962 1849 videmur

430 1884 580 1996 reprimis
590 1882 626 1944 1'12
675 1884 860 1991 experiri,
880 1881 985 1991 quod
1002 1882 1161 1961 minime
1175 1882 1418 1987 experimur,
1443 1880 1604 1963 dicimus
1620 1886 1767 1965 Vitium
1792 1880 1964 2001 [rrbrptic-

431 1974 630 2078 “imum
675 2004 782 2085 nisin
801 1992 1027 2105 experiundo.

777 2142 910 2213 Vitium
926 2138 991 2212 hoc
1008 2138 1233 2223 committunt,
1244 2139 1302 2233 qui
1319 2131 1378 2207 fibi
1393 2137 1538 2231 experiri
1552 2134 1960 2241 videnturinflurumphy·

728 2240 832 2317 ficum
849 2243 966 2313 animae
981 2244 1017 2312 in
1033 2262 1167 2335 corpus,
1174 2240 1244 2309 vim
1258 2232 1479 2307 attraiiriecm
1497 2242 1677 2327 magnetis,
1693 2264 1848 2314 amorem
1861 2243 1892 2313 ἃ
1907 2241 1961 2315 odi·

732 2368 792 2414 um
814 2365 929 2412 rerum
954 2342 1222 2415 inanimatarum·
1273 2334 1400 2412 Multas
1427 2336 1519 2414 idem
1540 2338 1714 2417 chinraeras
1742 2344 1781 2414 in
1809 2342 1962 2442 phyiittm

731 2436 959 2517 molnitum
971 2442 1115 2537 iuuerit.¹
1736 2433 1742 2443 '
1788 2433 1794 2441 ’

1187 2644 1392 2726 CAPUT
1413 2644 1498 2729 stt
1622 2630 1630 2648 ⁸

677 2838 769 2951 DE
793 2838 1191 2957 FORMANDIS
1217 2840 1474 2971 JUDICHS
1504 2838 1864 2951 INTUITIVIS
1887 2840 1967 2951 ΕΤ

708 3082 711 3087 ,
855 2984 1289 3100 NOTIONIBUS
1323 2986 1368 3093 A
1398 2983 1808 3097 POSTERIORI.

1265 3236 1297 3340 §.
1323 3231 1420 3341 669.Ι

440 3535 587 3603 veniendi
594 3534 641 3603 cd

431 3634 563 3724 judicia
575 3643 623 3706 in-

439 3742 572 3822 irmina,-

797 3536 906 3617 rebus
923 3536 1078 3637 insunt,
1107 3554 1169 3613 aut
1193 3534 1241 3616 ad
1264 3562 1343 3643 quae
1372 3537 1725 3647 quomodocunque
1750 3534 1972 3619 reici-untur:

795 3679 828 3733 2.
857 3647 985 3751 Rem,
1015 3678 1129 3759 quum
1145 3654 1330 3756 percipit,
1359 3680 1476 3757 porto
1500 3653 1643 3732 iitnterc
1671 3652 1783 3735 debet
1808 3682 1880 3761 pto
1905 3652 1973 3733 iub·

686 3770 808 3877 jeci0,
824 3766 930 3877 quod
945 3792 1036 3845 veto
1054 3770 1093 3844 in
1109 3792 1151 3845 cn
1167 3764 1413 3871 deprehendit
1429 3788 1490 3848 :tut
1507 3766 1729 3849 relationem
1748 3774 1828 3865 eius
1844 3770 1888 3849 nd
1902 3768 1973 3865 aiio,

686 3914 801 3999 quom
817 3882 1006 3984 observat,
1021 3908 1093 3989 pto
1109 3880 1320 3988 predicato.
1382 3882 1435 3964 lta
1451 3886 1632 3965 nimitum
1655 3884 1785 3991 prodit
1802 3888 1974 3987 judicium

687 4006 916 4088 intuitivutu.

797 4114 907 4198 Dum
923 4123 1026 4194 cuim
1050 4140 1150 4215 rem,
1175 4137 1289 4224 quum
1312 4116 1566 4221 percipimus,
1590 4112 1775 4198 sumimus
1794 4112 1886 4197 ioco
1904 4111 1977 4197 sub·

688 4232 797 4338 icfli,
821 4232 858 4312 u
876 4231 981 4341 quod
998 4234 1036 4309 in
1055 4255 1096 4309 eu
1113 4228 1429 4336 deprehendimus
1445 4253 1507 4312 aut
1524 4236 1602 4331 eius
1620 4232 1665 4311 nd
1682 4231 1750 4311 ulio
1769 4232 1979 4313 relationem

688 4371 867 4459 tunquam
888 4348 1128 4455 predicatum
1149 4374 1161 4439 5
1190 4346 1297 4455 quod
1321 4349 1360 4425 in
1384 4347 1515 4428 cudent
1542 4349 1802 4454 distinguimus
1821 4374 1883 4430 aut
1899 4374 1979 4429 cunt

691 4490 735 4543 ea
749 4462 854 4544 sunul
871 4467 1119 4572 percipimus,
1134 4481 1310 4571 tunquam
1329 4460 1374 4540 ab
1392 4490 1435 4542 ea
1455 4464 1661 4562 diversum,
1686 4464 1748 4543 t'etl
1765 4464 1812 4543 nd
1830 4466 1980 4546 cundem

692 4595 817 4667 tuttteu
833 4583 1022 4692 pertinens
1038 4574 1244 4693 spectamus
1262 4579 1325 4691 (ᾗ.
1341 4582 1463 4690 200.)
1469 4643 1482 4688 ,
1497 4584 1668 4696 adeoque
1685 4578 1734 4664 de
1749 4580 1885 4664 eodem
1894 4581 1981 4682 jndi-

1861 4718 1980 4785 cuttu<

437 3427 554 3504 Macies
566 3432 637 3531 pen
687 3415 899 3774 JUrir'cia
912 3422 1085 3503 inmitior
1098 3415 1321 3511 firmamus
1345 3446 1371 3500 1.
1393 3416 1581 3502 attendere
1605 3418 1717 3503 debet
1740 3417 1787 3503 uti
1813 3444 1881 3520 ca,
1905 3444 1971 3533 qua
