4834 5634
866 469 952 581 De
980 466 1376 615 Definitionibus.
1686 507 1797 624 207

526 696 707 777 commode
723 699 948 773 demonstrari
963 696 1108 800 possunt,
1124 724 1224 800 atque
1233 700 1316 773 adeo
1324 725 1388 801 per
1396 701 1486 795 leges
1501 702 1655 777 methodi
1670 699 1793 807 suppo·
1852 686 1858 699 ⁰

524 797 1552 899 nonturincognitn,dumattributaindefinitionesumuntur.

1041 952 1071 1040 r.
1151 944 1231 1033 182.
1438 1004 1440 1009 .

601 1070 646 1157 u·
659 1068 857 1175 effrutiaba
871 1062 920 1159 is
936 1068 1121 1158 attributa
1124 1074 1205 1179 stre
1212 1081 1343 1182 omnia,
1348 1074 1555 1189 stoealqua
1564 1080 1787 1197 ignorentur,
1797 1051 2020 1178 leuwffi:

457 1186 647 1297 definitum
668 1186 815 1295 definiri
832 1185 942 1304 potest
959 1211 1027 1304 per
1052 1218 1171 1273 meras
1214 1190 1395 1275 modorum
1436 1218 1544 1311 atque
1569 1193 1781 1276 relationum
1796 1152 2018 1307 bs‘fm‘d‘ss

446 1300 724 1416 pumturum,
751 1330 830 1423 qua
840 1326 909 1418 per
923 1301 1064 1388 modum
1077 1302 1252 1391 attributi
1265 1305 1406 1412 infirm,
1434 1316 1494 1393 vel
1507 1334 1574 1427 per
1596 1304 1779 1392 attributo
1796 1277 2003 1430 nisibinis

455 1413 511 1511 ὅ
518 1414 711 1509 illiusmodi
718 1415 985 1527 pofflbt'litarer,
1012 1450 1089 1539 qrae
1104 1424 1217 1529 final
1235 1424 1371 1526 nonnist
1391 1421 1534 1529 definito
1560 1383 1886 1515 conveniant.g'‘¹
1990 1404 1998 1420 ’

453 1534 506 1620 Si
527 1530 728 1617 essentialia
745 1533 784 1616 bt
800 1530 972 1617 attributa
997 1540 1238 1642 ignorantur,
1268 1565 1402 1646 genera
1428 1568 1556 1623 rerum
1571 1559 1682 1651 atque
1698 1538 1777 1648 spc-

456 1656 545 1737 cies
559 1676 626 1759 per
639 1676 683 1731 ea
704 1650 855 1731 definiri
898 1672 1107 1761 nequeunt:
1144 1653 1251 1764 quod
1275 1682 1343 1764 per
1357 1653 1394 1737 se
1421 1676 1533 1765 patet
1591 1652 1776 1737 Enimve-

459 1794 516 1851 ro
542 1762 748 1847 motlorum
789 1786 901 1877 atque
934 1765 1160 1849 relationum
1185 1768 1471 1877 poffibilitates,
1508 1800 1589 1884 quae
1605 1798 1672 1879 per
1688 1798 1777 1854 mo-

458 1882 566 1967 dum
579 1878 837 1963 attributorum
859 1881 1004 1989 insunt,
1032 1882 1217 1967 attributis
1237 1884 1454 1997 atquivalent
1483 1890 1681 1996 (§.157.),
1711 1888 1776 1969 nd·

456 2022 594 2113 eoque
607 1997 650 2077 in
663 2020 794 2079 eortun
821 1993 956 2081 locum
995 1999 1183 2107 surrogari
1198 2001 1360 2111 poliunt.
1468 2008 1623 2085 uoniam
1641 2007 1770 2112 itaque

448 2136 597 2227 genera
612 2108 802 2221 &species
815 2140 883 2223 per
898 2113 1073 2198 attributa
1087 2116 1237 2199 deliniri
1252 2115 1403 2228 poliunt
1430 2120 1452 2227 (
1473 2120 1614 2227 ‚173.);
1631 2119 1763 2201 eadem

446 2252 690 2349 quoqueper
706 2227 963 2337 poffibilitates
979 2232 1063 2315 illas
1072 2231 1228 2315 defimte
1242 2231 1341 2317 licet.

571 2338 725 2459 Quodsi
740 2343 913 2429 attributa
927 2352 1150 2431 commtmia
1179 2370 1288 2434 notas
1320 2348 1546 2431 sufficientes
1567 2372 1648 2428 non
1671 2373 1763 2455 pta-

442 2460 558 2555 bern
575 2458 732 2543 eodem
747 2460 870 2545 modo
886 2482 1008 2570 patet,
1040 2462 1144 2573 polle
1158 2468 1198 2545 in
1213 2463 1517 2577 supplementum
1541 2461 1672 2544 ailumi
1701 2458 1768 2543 ali-

442 2604 563 2697 quam
575 2574 861 2687 possibilitatem
878 2576 1177 2685 alicujusmodi,
1204 2580 1265 2661 vel
1288 2579 1490 2684 relationis,
1507 2606 1587 2690 qua
1603 2605 1670 2688 per
1680 2604 1767 2659 mo-

445 2700 544 2781 dum
586 2690 760 2775 attributi
799 2696 905 2800 inest,
948 2694 1073 2780 donec
1117 2717 1293 2781 notatum
1323 2724 1503 2780 numerus
1527 2692 1763 2803 compleatur

526 2836 543 2893 Ι
619 2870 630 2891 .

446 2812 505 2925 (θ’
539 2810 886 3021 {ligrl’enragonum
903 2950 965 3026 per
979 2925 1171 3019 diagonales
1187 2952 1227 2999 ex
1242 2920 1363 2998 eodem
1371 2925 1496 3019 angulo
1511 2920 1645 2996 edutlas
1655 2928 1690 2997 in
1698 2928 1763 2996 tria

491 3026 666 3123 triangula
682 3024 786 3101 dividi
800 3027 916 3127 potest.
967 3030 1007 3101 ld
1021 3024 1083 3101 soli
1099 3052 1293 3127 pentagono
1310 3028 1447 3110 accidit,
1481 3048 1581 3121 atque
1604 3024 1686 3097 adeo
1702 3022 1761 3096 isin

494 3128 704 3209 divisibilitaa
717 3154 782 3228 per
797 3128 938 3203 modum
955 3129 1107 3202 attributi
1120 3133 1254 3230 proprii
1268 3128 1363 3201 inest.
1381 3126 1759 3224 Qamobrem(§.175.)

480 3256 702 3345 petragorium
723 3228 855 3304 definiti
870 3228 978 3329 potest
993 3256 1055 3331 per
1071 3229 1215 3326 figuram
1259 3230 1377 3316 lanam,
1425 3256 1474 3301 uae
1490 3250 1552 3325 per
1567 3225 1758 3320 diagonales

484 3366 531 3417 ex
540 3360 611 3411 uno
619 3334 748 3429 angulo
756 3328 1001 3405 eduilrsintria
1010 3333 1175 3425 triangula
1189 3258 1308 3405 resilui
1318 3255 1434 3430 potes.
1490 3333 1614 3419 Figura
1628 3328 1757 3417 regula·

487 3434 686 3517 rirdeliniri
700 3432 809 3532 potest
824 3460 887 3532 per
901 3432 1044 3528 figuram
1057 3434 1192 3536 planam
1213 3433 1438 3531 aequilateram
1452 3451 1550 3526 atque
1566 3428 1694 3501 circulo
1707 3432 1755 3499 in·

485 3536 721 3643 scriptibilem.
767 3534 958 3632 AEqualitas
975 3536 1118 3611 laterum
1133 3534 1179 3609 est
1192 3532 1392 3608 attributum
1405 3556 1597 3618 commune,
1616 3527 1756 3625 quodad

485 3642 726 3723 definitionem
741 3664 813 3709 non
827 3632 948 3712 sufficit
963 3644 1104 3737 (§.175.).
1158 3636 1262 3739 Quod
1276 3632 1374 3736 pollit
1389 3635 1514 3709 circulo
1529 3628 1664 3705 inscribi
1673 3629 1755 3724 figu-

482 3774 537 3835 ra,
553 3738 783 3819 confidentur
803 3736 905 3813 instar
933 3742 1028 3815 modi
1052 3738 1230 3841 poilibilis,
1264 3739 1357 3836 cujus
1373 3733 1570 3837 poffibilitas
1595 3733 1676 3807 inest
1692 3758 1755 3832 per

482 3846 635 3927 modum
648 3839 802 3935 attributi
816 3848 1023 3932 communis,
1038 3870 1114 3917 cum
1129 3868 1200 3916 non
1216 3846 1327 3915 omnis
1342 3832 1757 3935 figuracirculoinscripti·

488 3948 571 4027 bilis
584 3941 813 4039 irregularis.
866 3947 1051 4019 Enimvero
1064 3945 1135 4019 haec
1149 3938 1411 4041 inscriptibilitas
1421 3939 1561 4016 sumitur
1576 3944 1611 4012 in
1625 3934 1756 4037 supple·

486 4074 648 4129 mentum
662 4048 800 4123 alterius
820 4048 990 4145 cujusdam
1006 4046 1158 4121 attributi
1180 4047 1389 4137 communia,
1416 4068 1541 4145 nempe
1563 4041 1757 4141 equalitatis

483 4154 718 4257 ΨΜ.

1016 4254 1044 4342 §-
1109 4262 1184 4358 183·

566 4395 818 4601 Nmffllcl‘l
861 4394 994 4497 ⁶0¹¹stur
1008 4426 1056 4482 ex
1069 4404 1209 4483 nonore
1223 4405 1373 4517 generis
1416 4422 1525 4517 arque
1548 4390 1754 4498 differentia
1770 4394 1984 4500 Notiospccier

426 4510 603 4637 spuiflu-
709 4518 796 4601 otio
810 4514 948 4628 speciei
962 4516 1191 4626 representat
1206 4540 1270 4625 eu,
1299 4544 1380 4632 qua
1415 4510 1587 4627 pluribus
1611 4506 1751 4619 specie.
1766 4504 1848 4605 quid
1861 4502 1961 4577 iuvat

1676 4624 1749 4710 bus
1765 4628 1832 4683 vat.
