4834 5634
1111 589 1136 613 .
1186 664 1213 675 ..
1310 527 1491 660 15'4
1704 502 2003 614 Part'.
2038 503 2121 607 I.
2153 498 2373 603 See‘i‘.
2408 496 2492 607 Ι.
2515 503 2730 637 Cap.
2747 496 2878 605 II.
2915 498 3074 607 De
3101 500 3516 649 notitiis
3537 506 3721 613 &a

853 762 1223 843 individua·
1329 764 1601 829 eorum
1620 798 1643 837 ,
1700 758 1861 844 quae
1892 726 2113 811 rebus
2160 724 2424 805 insunt.
2465 836 2470 841 Ι
2587 720 2693 806 Et
2725 723 2998 805 harum
3027 726 3337 837 quidem
3369 724 3944 813 determinatio-

858 872 1068 945 tionis.
1334 884 1521 943 num
1552 880 1653 933 eae
1688 848 2147 931 constituunt
2176 836 2652 942 differentiam
2695 848 3124 925 numericam
3147 905 3171 945 ,
3245 838 3521 953 quibus
3564 844 3754 925 datis
3803 870 3950 953 po-

1334 979 1539 1058 nitur
1622 962 2139 1047 individuum:
2196 975 2454 1038 ceterae
2511 984 2697 1039 vero
2717 1020 2741 1059 ‚
2800 954 3074 1066 quibus
3171 956 3404 1061 datis,
3457 957 3948 1043 individuum

1336 1087 1686 1171 nondum
1719 1084 2029 1191 ponitur
2044 1140 2071 1181 ‚
2125 1077 2203 1153 in
2208 1068 2610 1188 specficam
2641 1062 2742 1161 ὅ
2755 1077 3172 1187 genericam
3188 1066 3669 1176 differentiam
3681 1072 3954 1159 discer-

1340 1202 1621 1316 pendae.

1538 1393 1790 1471 Differt
1820 1393 2053 1487 utique
2084 1390 2151 1457 in
2182 1412 2263 1459 eo
2296 1383 2720 1457 individuum
2745 1383 2829 1457 ab
2863 1382 3222 1461 universali
3247 1440 3268 1472 ,
3315 1384 3500 1485 quod
3529 1388 3732 1483 hujus
3761 1388 3960 1461 notio

1446 1500 1617 1578 nihil
1632 1494 1952 1574 involvat,
1991 1487 2173 1585 quod
2208 1512 2347 1559 non
2374 1482 2452 1556 {it
2479 1486 3032 1578 determinatum,
3061 1512 3220 1561 eum
3245 1492 3319 1560 in
3345 1482 3706 1563 universali
3737 1488 3960 1563 adhuc

1442 1600 1749 1704 quaedam
1782 1592 2290 1667 indeterminata
2322 1592 2794 1659 contineantur
2825 1594 2906 1681 (§.
2947 1612 3052 1687 73.
3067 1595 3118 1682 ).
3237 1588 3644 1688 Exemplum
3685 1592 3960 1677 numeri

1446 1703 1667 1805 quinti
1696 1691 2120 1786 triangularis
2152 1689 2358 1764 modo
2392 1688 2670 1761 allatum
2702 1698 2848 1763 r'em
2876 1690 3098 1763 reddit
3137 1685 3284 1764 satis
3329 1686 3752 1765 manifestam
3781 1690 3852 1764 δι
3881 1714 3962 1774 ex

1447 1802 1685 1882 eodem
1716 1800 1961 1893 liquet,
1990 1792 2616 1864 determinationem
2643 1790 2952 1865 ultimam
2979 1791 3236 1879 lateris,
3281 1786 3470 1887 quod
3497 1816 3630 1891 pro
3669 1814 3966 1866 numero

1444 1910 1685 2007 quinto
1713 1898 1897 1989 est5,
1928 1890 2329 1967 constituere
2365 1895 2438 1962 in
2487 1896 2786 1966 numeris
2832 1894 3204 1992 polygonis
3255 1886 3706 1967 differentiam
3729 1916 3970 1967 nume-

1444 2012 1675 2083 ricam.
1774 1998 2189 2094 Principium
2217 2016 2443 2065 autem
2461 1992 3008 2067 individuationis
3059 1988 3530 2091 complestitur
3557 1990 3978 2072 differentias

1452 2128 1708 2191 omneS,
1740 2100 1870 2173 {ive
1900 2099 2257 2171 numericae
2288 2092 2516 2179 fuerit,
2545 2092 2676 2166 five
2703 2087 3052 2191 specificae,
3063 2090 3198 2169 five
3213 2094 3553 2187 generice.
3649 2092 3768 2169 Est
3791 2095 3972 2171 adeo

1400 2220 1407 2225 '
1456 2208 1765 2298 omnium
1796 2198 2332 2273 differentiarum
2372 2192 2798 2376 complexus&

899 2437 1284 2537 afferentia
1584 2416 2028 2523 Differentia
2088 2408 2448 2524 spec-ficia
2475 2302 2798 2513 ᾰξθενῖα
2817 2412 3136 2529 proprio.
3211 2456 3222 2476 ι
3259 2355 3728 2491 Differentia'
3745 2367 3984 2517 speei-

872 2540 1178 2647 'spccificae
1216 2558 1265 2655 (ἢ
1372 2542 1513 2623 fica
1544 2532 1863 2620 confistit
1918 2534 1997 2607 in
2090 2525 2849 2609 determinationibus
2868 2590 2892 2630 ‚
2949 2525 3224 2637 quibus
3257 2526 3445 2607 datis
3479 2522 3734 2607 adhuc
3765 2524 3984 2607 inde-

892 2648 1152 2751 proprio
1192 2634 1290 2707 ‘²¹‘
1371 2658 1759 2740 terminata
1832 2644 1999 2725 sunt
2068 2707 2095 2748 ‚
2204 2649 2367 2754 quie
2457 2642 2957 2725 differentiam
3043 2644 3512 2723 numericam
3585 2637 3986 2723 absolvunt

904 2740 1106 2831 verfiz.
1372 2776 1479 2883 (§‚
1516 2766 1704 2877 75.)
1816 2756 1972 2842 Sed
2004 2783 2273 2866 genera
2302 2755 2378 2837 ἀ
2428 2756 2706 2866 species
2790 2784 2926 2867 per
2968 2754 3370 2838 effentiales
3421 2756 3992 2841 determinatio-

1367 2915 1499 2971 nes
1534 2882 2046 2967 diieernuntur
2102 2874 2215 2978 (5.
2250 2872 2428 2980 70.)
2449 2936 2472 2975 ,
2529 2877 2832 2983 propria
2889 2893 3142 2955 autem
3197 2871 3399 2952 hisce
3451 2870 3642 2953 datis
3677 2898 3828 2955 una
3857 2872 3988 2955 de-

1368 3005 1862 3205 tlefffifflnfflf
1920 2992 2047 3099 (§·
2097 2990 2338 3096 66.);
2408 2990 2825 3072 differentia
2881 2990 3108 3097 igitur
3166 2988 3506 3097 lpecifica
3567 3014 3608 3067 a
3667 2992 3986 3099 proprio

1516 3135 1645 3199 ert.

1576 3313 1928 3387 Nimirum
1962 3306 2197 3380 eadem
2234 3307 2343 3381 hic
2372 3302 2723 3378 intercedit
2764 3300 3179 3391 differentia,
3238 3326 3386 3399 quae
3435 3306 3610 3379 inter
3641 3298 3989 3381 essentialia

1488 3420 1657 3491 entis
1680 3413 1955 3510 ejusque
1972 3409 2283 3483 attributa
2316 3410 2542 3481 locum
2573 3405 2777 3478 habet
2825 3409 2918 3497 (§.
2947 3410 3063 3491 64.
3097 3409 3256 3501 65).

3673 4640 4018 4757 SEOE
