4834 5634
603 793 1605 943 lit'Jiorica,philosophicctd'iitnthctnntica.
1712 794 1776 943 ις’

441 1032 651 1118 theniatica
675 1054 770 1111 cuni
792 1021 1058 1135 philosophico
1074 1029 1270 1138 conspirat.
1331 1026 1529 1155 Qoniain
1546 1049 1672 1110 auteni
1688 1032 1766 1110 evi-

437 1152 598 1231 dentius
610 1144 783 1227 constare
799 1146 943 1251 nequit,
950 1138 1131 1224 effediuni
1138 1145 1184 1226 ab
1193 1143 1316 1255 aliqua
1334 1146 1437 1239 cauli
1454 1143 1765 1255 proficisciposie‚

441 1292 561 1377 quani
575 1260 641 1343 ubi
658 1259 819 1360 consini,
835 1260 1079 1367 quantitatem
1094 1261 1174 1360 ejus
1190 1260 1333 1343 viribus
1347 1263 1463 1363 causat
1479 1262 1549 1343 esse
1565 1257 1764 1370 aequnleni3

437 1382 618 1487 cognitio
633 1371 905 1487 philosophica
919 1372 1210 1458 aniatheninticn
1220 1379 1487 1459 oninimodtini
1495 1375 1763 1461 certitudinem

443 1498 617 1609 acquirit.

541 1614 585 1679 ln
599 1601 802 1707 praefatione
817 1600 861 1672 ad
876 1600 1049 1673 Elementa
1067 1610 1305 1696 Airometriae,
1329 1633 1403 1706 quae
1420 1608 1485 1675 An.
1496 1624 1591 1699 1709.
1608 1605 1762 1701 primuni¹

492 1710 593 1795 edidi,
607 1711 672 1807 jun
691 1706 832 1789 monui,
854 1703 1089 1776 certitudinem
1107 1709 1308 1796 cognitionis
1326 1706 1470 1810 physice
1489 1731 1506 1775 a
1524 1706 1758 1777 mathematica

491 1836 533 1885 ut
548 1811 737 1909 plurimum
751 1803 919 1903 pendere,
945 1826 1050 1901 utque
1068 1805 1169 1878 fidem
1187 1809 1353 1882 oculatam
1372 1812 1503 1893 ditem,
1520 1799 1589 1903 ipsit
1606 1808 1677 1879 haec
1692 1806 1757 1881 ele·
1855 1854 1863 1887 ·,

498 1933 615 1985 menta
629 1914 665 1983 in
678 1904 897 2004 Physieoruin
917 1911 1057 1996 gratiam
1084 1902 1358 2007 conscripseram,
1387 1906 1548 1986 mathesin
1569 1906 1609 1979 ad
1627 1910 1754 2007 experi-

506 2032 618 2084 mento
631 2010 929 2108 applicaturorum²
959 2033 1034 2103 qnae
1050 2005 1163 2107 postea
1180 2034 1325 2108 propter
1342 2009 1439 2086 usum
1454 2035 1524 2083 non
1540 2032 1756 2084 contemnen-

514 2108 599 2185 dum
612 2114 651 2183 'in
661 2104 1058 2207 Hydrnnl'tcaMatheseos
1075 2106 1237 2185 universae
1254 2114 1428 2189 elementis
1444 2105 1578 2185 inserui.

1024 2266 1054 2355 i·
1107 2274 1169 2359 28

443 2398 455 2411 ’
610 2402 703 2489 lnde
716 2404 977 2518 consequitur,
999 2403 1106 2516 quod
1127 2412 1281 2515 cognitio
1303 2392 1550 2491 mathematica
1571 2434 1649 2487 cnm
1669 2406 1750 2512 phi·
1766 2420 1990 2523 Ejuscumphr-

433 2524 616 2661 Iofiipbica
642 2524 881 2633 conjungenda
892 2524 966 2633 fit,
999 2522 1061 2601 uti
1068 2522 1240 2625 summo,
1280 2550 1356 2673 qitae
1379 2529 1506 2628 datur,
1540 2526 1748 2605 certitudini
1764 2523 1990 2698 losppsscam

420 2650 619 2827 Mh'rdill
633 2746 680 2822 ob
695 2752 865 2821 rationem
879 2770 943 2819 iios
952 2773 1089 2845 quoque
1098 2750 1282 2843 cognitioni
1293 2754 1532 2826 mathematicae
1542 2750 1655 2823 locum
1664 2749 1745 2820 hinc
1755 2653 1838 2724 sm
1880 2677 1895 2721 ¹·

481 2857 568 2931 inde
579 2850 803 2930 concedemus
820 2854 857 2921 in
869 2845 1102 2948 philosophia,
1119 2848 1178 2923 etsi
1194 2876 1268 2925 eain
1286 2878 1303 2921 a
1320 2851 1555 2953 philosophica
1571 2846 1746 2946 distingui:

474 2984 558 3037 mut
572 2960 617 3057 (ς.
625 2957 710 3053 17.)c
733 2949 825 3029 iiiiiil
839 2952 930 3025 enim
946 2949 1046 3027 nobis
1060 2952 1262 3031 certitudine
1277 2958 1445 3055 antiquius
1461 2951 1517 3029 est.
1674 3042 1676 3047 Ι

950 3182 1134 3257 CAPUT
1178 3130 1230 3271 ii.

497 3334 602 3445 DE
644 3332 1183 3447 PHILOSOPHIA
1217 3332 1303 3443 ΙΝ
1338 3333 1671 3448 GENERE

1022 3562 1053 3672 i·
1113 3586 1175 3672 29·
1333 3612 1337 3619 ,

423 3684 704 3835 PHilosopiia
720 3722 773 3807 eii
789 3722 937 3807 scientia
952 3724 1206 3835 possibilium,
1231 3744 1411 3837 qnatenus
1427 3722 1499 3811 esse
1515 3726 1674 3837 poliunt.¹
1735 3717 1956 3821 'Philosophia

529 3858 631 3925 Hanc
645 3844 870 3947 philosophie·
886 3847 1114 3922 definitionem
1129 3857 1243 3949 reperi
1252 3862 1291 3922 Α.
1301 3868 1388 3948 1703.
1399 3880 1476 3925 cum
1493 3855 1534 3925 ad
1544 3846 1736 3925 tradendam
1755 3829 1907 3921 definitio.

477 3946 731 4057 philosophiam
750 3955 783 4023 in
799 3958 858 4022 Ac.
871 3950 979 4023 demin
991 3950 1149 4049 Lipsienfi
1164 3958 1199 4023 in
1214 3949 1414 4027 leilionibut
1430 3960 1567 4053 privatis
1586 3959 1739 4025 animum

477 4054 695 4156 appellerem.
722 4056 807 4123 Eam
822 4057 918 4123 initio
926 4057 1003 4123 anni
1015 4074 1102 4151 i705.
1114 4077 1189 4126 oum
1199 4051 1337 4156 Casparo
1344 4062 1538 4141 Ntuirmttm,
1548 4050 1740 4153 inspedlore

477 4157 701 4231 Ecclesiirom
717 4154 753 4225 dc
770 4154 1297 4241 SchnlnrumVrntislaviensium,
1315 4156 1514 4253 Augustaiiae
1531 4153 1740 4229 Confeilloni
1893 4152 1895 4157 ’

472 4256 703 4343 addiclarum,
718 4255 825 4327 limati
839 4255 954 4353 judicii
970 4260 1059 4346 viro,
1075 4263 1340 4347 communicavi,
1357 4261 1390 4332 di
1409 4248 1561 4332 adversus
1578 4257 1740 4355 quasdam

468 4356 1267 4463 lpfiusobjefflonetinlitteritprivatiidefeiidi.
1296 4362 1452 4434 Tandem
1463 4386 1533 4433 eam
1545 4360 1738 4457 A.1709.in

468 4460 673 4567 praefatione
682 4459 909 4531 chlementii
918 4457 1151 4550 Airometiiae,
1161 4464 1201 4535 de
1211 4460 1332 4558 quibus
1342 4464 1445 4539 modo
1455 4462 1520 4536 diri
1529 4466 1607 4554 (not.
1618 4465 1644 4551 §.
1655 4460 1740 4555 27.)‚

470 4572 505 4641 iii
518 4568 633 4641 lucem
651 4559 832 4665 publicam
847 4560 988 4660 protuli,
1020 4567 1104 4635 Haec
1119 4590 1199 4636 eum
1214 4567 1250 4635 iii
1267 4561 1368 4637 finem
1379 4565 1516 4654 adduco,
1525 4586 1563 4638 ut
1572 4584 1738 4663 appareat,

480 4694 569 4765 quarn
585 4670 710 4741 animo
723 4667 940 4759 conceperim
954 4662 1176 4763 philosophiae
1191 4669 1379 4756 notionem,
1389 4693 1467 4739 cuni
1483 4671 1634 4765 primum
1648 4661 1738 4737 deca

483 4772 668 4845 mitiori
692 4764 861 4837 methodo
882 4764 1044 4837 tradenda
1068 4772 1268 4863 cogitarem:
1296 4770 1336 4841 ad
1359 4794 1432 4841 eam
1451 4772 1541 4843 enim
1557 4792 1620 4868 pet
1635 4790 1740 4841 omne

482 4888 598 4977 mitt
613 4870 731 4951 direxi
746 4890 867 4949 omno
876 4892 970 4951 tntae
985 4866 1027 4949 de
1040 4865 1260 4975 philosophia
1275 4875 1502 4966 cogitationes.

1174 4992 1259 5114 Bt
1623 5002 1737 5117 iao.
