4834 5634
938 594 1460 676 PRAEFANO·

367 788 370 793 ’
452 914 455 919 ,
548 796 1337 935 dctiocupidaeveritatisjuuenturi
1354 796 1611 925 nequidem
1625 789 1861 899 satisface-

550 957 775 1069 recitasse
793 954 985 1093 posfim,¹
1003 955 1175 1063 ubisex
1196 960 1460 1061 minimum
1481 960 1708 1088 perditm
1721 965 1862 1062 horas

553 1131 604 1231 in
613 1120 817 1233 Marhest
830 1154 974 1255 atque
995 1120 1298 1256 philosophia
1315 1154 1431 1226 cum
1444 1119 1865 1256 eadem-summum

518 1404 521 1410 ,
555 1294 693 1425 plura
731 1294 1026 1394 adhucame
1048 1293 1213 1391 doceri
1245 1318 1508 1419 exopten15
1544 1292 1870 1420 inproviden-

559 1462 678 1563 riam
695 1457 904 1561 divinam
918 1484 974 1555 at
994 1482 1145 1588 genus
1169 1455 1446 1553 humanum
1460 1452 1670 1579 'injurius
1695 1448 1870 1563 forem,

560 1618 618 1755 st,
654 1622 837 1753 quoda
858 1614 1101 1719 laboribus
1134 1611 1472 1755 istissuperest,
1510 1646 1703 1751 ternpus
1738 1623 1874 1725 vanis

563 1780 951 1895 altercationibus
997 1772 1348 1885 consumerem.
1416 1782 1689 1932 Quotquot
1731 1788 1877 1923 igitur-

566 1962 790 2061 animum
811 1944 990 2051 haberis
1007 1951 1244 2051 auctitare
1263 1946 1501 2069 alienum,
1521 1947 1596 2051 vti
1622 1952 1740 2052 mihi
1758 1945 1878 2052 inse·

566 2120 721 2232 stum,
753 2111 1604 2230 iumetraducendo‚conviriando,
1642 2116 1878 2217 calumni-

570 2280 706 2387 ando
714 2275 898 2379 strenue
916 2274 1122 2407 pergite!
1147 2268 1883 2407 Egodivinaprovidentircon·

571 2439 678 2555 fisus
692 2442 744 2543 iu
760 2442 960 2565 incepto
989 2458 1185 2570 pergam
1200 2430 1255 2535 δε
1271 2464 1327 2537 ur
1345 2442 1572 2545 convitiis
1591 2471 1736 2575 atque
1754 2444 1881 2546 caiu-

572 2588 722 2709 mniis
755 2592 916 2705 vestris
951 2586 1182 2723 proficere
1224 2591 1457 2715 studebo.
1489 2607 1615 2708 olim
1658 2606 1886 2739 operibus

576 2764 698 2869 meis
733 2759 1009 2893 elogiorurn
1037 2757 1152 2863 ioco
1181 2752 1500 2901 praefigendis,
1536 2793 1591 2866 ut
1626 2766 1738 2869 inde
1763 2802 1887 2898 quo.

578 2910 1111 3061 queptoficerupoffint
1128 2911 1444 3053 serintpotes.
1513 2924 1726 3071 Quaede
1756 2928 1887 3035 inssi-

577 3114 818 3204 tutotuto
835 3086 888 3187 in
902 3112 1077 3185 torum
1094 3078 1394 3213 potissimum
1407 3092 1606 3223 gratiam
1619 3092 1799 3225 praesari
1811 3102 1891 3203 de.

468 3326 473 3335 ·
579 3252 784 3365 bubum,
819 3247 902 3377 qui
928 3247 1059 3351 idem
1083 3248 1384 3375 exoperibus
1410 3248 1709 3361 Germanicis
1749 3266 1893 3365 mini-

583 3448 664 3519 me
699 3410 1082 3546 cognoveruntr
1120 3437 1176 3507 ex
1193 3402 1412 3517 ‘discursu
1454 3421 1759 3545 praeliminari
1796 3434 1897 3560 peti

584 3568 801 3707 possunt,
816 3572 991 3699 inquo
1016 3554 1099 3671 trsr
1115 3570 1290 3695 docere
1314 3576 1496 3713 videar,
1521 3580 1570 3679 id
1603 3610 1766 3689 tamen
1783 3622 1899 3727 ago,

586 3762 644 3841 ut
661 3723 967 3863 propofirum
1002 3762 1170 3833 mcum
1200 3763 1452 3866 exponam
1471 3771 1613 3881 atquc
1631 3746 1729 3889 ejus
1753 3760 1901 3859 ratio.

588 3923 707 4000 nern
743 3896 949 4003 reddam.
1020 3892 1384 4029 Proposrtiones
1419 3900 1624 4047 singulas
1658 3918 1755 4020 alio
1793 3927 1900 4027 cha-

590 4058 768 4201 rauiere
803 4060 1020 4199 imprimi
1054 4064 1239 4199 tutavi,
1273 4095 1422 4201 quam
1446 4106 1553 4205 quae
1579 4080 1639 4217 nd
1675 4110 1750 4187 eas
1786 4120 1901 4217 pso.

1783 4246 1901 4352 ban-
