4834 5634
324 4322 329 4331 .
387 4282 394 4293 ·
453 4258 637 4336 adamatica.

700 550 737 666 8
833 478 1002 684 'caps
1037 534 1120 657 Dr
1133 544 1336 686 ¹triplici
1352 524 1625 689 cognitione
1638 524 1860 681 hamam,
1926 646 1931 657 .

810 774 848 844 E.
856 794 906 864 gr.
921 774 1038 868 Siquis
1046 773 1272 848 demonstrare
1305 770 1397 865 otest,
1409 779 1627 875 quantitatem
1638 780 1687 849 vie
1697 780 1887 875 centripetae
1897 768 2013 875 plane·

747 887 790 944 τω
806 876 841 944 in
858 870 964 971 eilipfi
981 874 1188 950 circaSolem
1201 801 1348 949 ret-duri
1364 877 1405 947 ad
1425 878 1535 953 datam
1554 861 1658 953 aSoie
1675 874 1860 951 distantiam
1874 878 2013 973 ejusque

745 971 783 1042 in
799 974 916 1047 eadent
933 974 1155 1063 celeritatem,
1174 976 1242 1050 five
1259 976 1499 1052 demonstratio
1516 977 1684 1053 eademst
1704 1002 1783 1051 cum
1794 986 2013 1062 Netotom'ana,

745 1068 813 1147 five
826 1074 867 1145 ab
881 1075 999 1148 eadem
1014 1074 1161 1163 diversa;
1187 1083 1216 1150 ia
1231 1078 1374 1175 perinde
1390 1104 1428 1153 ac
1448 1086 1613 1153 Neptunus
1630 1080 1894 1153 mathematicam
1912 1076 2016 1150 habet

746 1198 861 1249 motus
878 1175 1089 1273 planetarum
1104 1177 1246 1277 elliptici
1261 1182 1501 1269 cognitionem.
1555 1186 1596 1252 sn
1622 1176 1691 1281 ipsa
1709 1182 1800 1253 enim
1818 1180 2016 1273 cognitione

747 1273 1009 1450 thilqilumutatun
1022 1302 1205 1383 proprerce
1223 1278 1317 1382 quod
1335 1287 1502 1369 Nentonus
1517 1280 1660 1359 eandem
1675 1284 1903 1381 cognitionem
1919 1280 2015 1380 prior

778 1400 795 1445 a
819 1398 880 1455 utt.

1303 1544 1312 1562 .
1371 1512 1422 1567 t.

459 1596 658 1692 Dtffercntt‘o
713 1632 716 1637 ·
841 1597 1111 1703 Dffartautem
1126 1606 1248 1711 utique
1262 1484 1414 1707 adgnitso
1429 1598 1677 1683 mathematica
1691 1628 1768 1682 mm
1781 1597 1825 1679 ab
1838 1596 2016 1707 historica,

445 1704 648 1817 cognitionis
702 1732 779 1791 non
796 1740 821 1788 a
827 1712 1077 1820 philosophica.
1134 1711 1246 1799 Nam
1262 1719 1435 1819 cognitio
1450 1715 1628 1823 historica
1643 1714 1841 1827 acquiescit
1858 1714 1897 1791 iu
1914 1712 2014 1793 nuda

458 1800 686 1919 mimam?
703 1829 838 1909 notitia
853 1822 941 1907 sadi
959 1828 1012 1935 (§.
1023 1830 1099 1937 3.)‚
1116 1831 1156 1908 in
1171 1822 1436 1939 philosophica
1452 1832 1646 1914 reddimus
1662 1835 1848 1915 rationem
1864 1854 2015 1931 eorum,

460 1894 687 2077 273²&th
703 1966 784 2049 quar
801 1942 884 2023 sunt
898 1938 959 2022 vel
968 1940 1040 2024 esse
1048 1943 1198 2053 possunt
1207 1945 1339 2053 (ῥά),
1348 1950 1386 2027 in
1395 1947 1658 2031 mathematica
1665 1945 1828 2057 denique
1837 1942 2016 2025 detcrmi-

641 2026 660 2074 Υ
702 2081 837 2147 narnus
851 2058 1093 2169 quantitates,
1123 2088 1205 2171 quar
1229 2060 1339 2143 rebus
1357 2063 1650 2171 insunt(§.14.).
1712 2059 1836 2146 Aliud
1852 2086 1945 2141 vero
1962 2058 2015 2138 e'st

702 2168 807 2253 nosse
834 2168 1001 2277 fadum,
1037 2174 1139 2257 aliud
1161 2176 1368 2285 perspicere
1384 2182 1570 2260 rationem
1585 2174 1696 2282 fatti,
1732 2174 1834 2257 aliud
1850 2173 2016 2286 denique

704 2286 951 2369 determinate
966 2294 1212 2399 quantitatem
1227 2318 1365 2374 rerunt.
1489 2318 1491 2323 ·

799 2401 960 2499 Exempla
973 2398 1325 2505 differentiampalam
1346 2408 1542 2503 loquuntur.
1591 2406 1661 2505 Qti
1677 2410 1788 2491 novit,
1813 2404 1899 2476 Solia
1915 2403 2015 2475 meri·

749 2498 843 2573 dimi
857 2504 1005 2576 calorem
1020 2528 1111 2579 nunc
1124 2501 1286 2598 crescere,
1307 2534 1398 2585 nunc
1422 2511 1545 2580 iterum
1563 2499 1771 2594 decrescere,
1796 2508 1825 2577 it
1842 2505 1945 2603 hujus
1959 2528 2014 2579 eo·

747 2604 937 2697 gnicionem
953 2602 1143 2681 historicam
1160 2608 1270 2682 habet.
1324 2612 1394 2713 Qri
1408 2614 1525 2697 novit,
1550 2609 1714 2706 majorem
1733 2606 1854 2679 caloris
1869 2604 2015 2699 gradum

747 2702 898 2802 pendere
918 2730 936 2775 a
951 2708 1078 2803 majore
1094 2708 1253 2785 denfitate
1267 2708 1443 2784 radiorum
1462 2710 1551 2784 idem
1568 2708 1709 2809 planum
1725 2704 2013 2783 ferientiumotab

747 2801 817 2877 istu
831 2810 943 2878 nunus
959 2804 1120 2909 obliquo,
1149 2812 1178 2880 ia
1194 2814 1390 2905 cognitione
1415 2806 1650 2910 philosophica
1665 2812 1782 2910 pollet.
1835 2812 1904 2906 Qti
1920 2808 2015 2881 deni·

747 2930 816 3005 que
831 2906 1024 2983 densatetem
1039 2911 1350 2987 radiorumdtistut
1371 2912 1637 3007 magnitudinem
1654 2940 1690 2984 ac
1707 2912 1784 2984 inde
1802 2910 1944 3003 gradum
1963 2936 2013 2981 ca·

747 3008 830 3081 loris
844 3004 1067 3085 determinare
1080 3012 1185 3103 valet,
1212 3018 1239 3088 it
1253 3018 1444 3107 cognitione
1458 3015 1692 3087 mathematica
1706 3008 1893 3086 instruatu.
1948 3014 2014 3085 Per

746 3102 781 3183 se
795 3109 912 3206 liquet,
928 3108 1245 3189 detetntittationem
1260 3114 1427 3189 densitatis
1444 3114 1910 3210 radiorumdtmagnitudinit
1926 3108 2013 3185 isius

748 3235 785 3283 ac
800 3209 977 3309 pendentia
994 3213 1073 3288 inde
1085 3215 1208 3308 gradus
1216 3218 1334 3291 caloris
1348 3214 1410 3291 esse
1419 3212 1580 3292 diversam
1598 3246 1615 3291 a
1629 3216 1772 3317 simplici
1780 3218 1907 3304 notitia,
1918 3214 2011 3313 quod

742 3314 842 3384 calor
850 3310 937 3385 Solia
953 3316 1132 3391 meridiani
1145 3319 1212 3392 alio
1227 3342 1381 3419 tempore
1397 3323 1504 3419 major
1518 3316 1574 3407 fit,
1598 3320 1667 3391 alio
1683 3322 1806 3391 minor.
1861 3324 1936 3391 Nec
1949 3318 2009 3389 mi·

748 3437 812 3485 nus
828 3433 940 3510 patet,
967 3414 1282 3495 determinationem
1299 3418 1390 3491 istam
1407 3415 1569 3496 diversam
1586 3418 1648 3494 esse
1666 3423 1891 3513 acognitione
1905 3414 2008 3493 causae

747 3513 884 3610 majoris
898 3518 1084 3592 minorisve
1101 3519 1231 3593 caloris.
1282 3522 1376 3598 Idem
1392 3550 1432 3601 ex
1445 3526 1582 3612 ceteris,
1602 3548 1676 3622 quae
1689 3527 1725 3595 in
1740 3517 2011 3597 antecedentibus

748 3614 934 3709 attulimus,
947 3618 1110 3725 amplia
1128 3644 1276 3725 apparet.

462 3854 543 3953 ayſs„
556 3860 659 3957 agna.
830 3838 1087 3949 Nonmmquam
1109 3726 1447 3955 historica§eog21¹d{·o
1457 3842 1734 3947 fundamentaon
1750 3838 1883 3947 prebet
1898 3847 2016 3949 cogni-

457 3968 554 4033 tionis
560 3960 683 4053 histori-
697 3948 788 4031 aioni
794 3950 1046 4035 anathematicae
1053 3986 1072 4049 ,·
1088 3984 1334 4067 nonatunquam
1342 3960 1599 4065 philosophica„
1630 3954 1704 4041 Res
1714 3952 1802 4039 sadi
1810 3980 2013 4065 peterem-

456 4056 543 4135 Μ
553 4054 683 4157 philoso-
698 4058 760 4173 pla
775 4066 1058 4177 comprobatur,
1066 4096 1195 4180 neque·
1204 4097 1302 4179 opus
1319 4074 1384 4179 cst,
1394 4093 1436 4155 ut
1452 4072 1516 4157 hic
1533 4078 1854 4187 inquiratnus,cut
1871 4070 1910 4151 id
1926 4068 2008 4151 fieri

451 4159 548 4263 ihm
564 4168 601 4229 ¹³¹
615 4182 682 4229 ’Μ’
697 4176 1026 4293 posstt‚&quando
1035 4183 1114 4267 hoc
1122 4182 1302 4293 obtineat,
1309 4190 1462 4301 quando
1479 4188 1583 4273 illud.

822 4296 905 4371 Sane
916 4304 1021 4402 Optata·
1036 4304 1261 4403 inCatoprrt'ca
1277 4310 1507 4397 cognitionem
1525 4302 1795 4380 mathematicam
1809 4296 1943 4373 cisionis
1959 4320 2010 4374 re-

744 4392 854 4511 flexae,
883 4418 956 4489 quae
969 4400 1008 4473 fit
1023 4398 1238 4503 speculorum
1258 4429 1342 4504 ope,
1355 4408 1510 4481 tradituri
1524 4402 1737 4482 fundamenti
1754 4400 1830 4476 loco
1845 4424 2011 4499 tanquam
2056 4508 2058 4513 Ι

744 4492 1383 4609 αξιοπιατεΐυδίὶετηυιιτρτοροῆιίοηες
1400 4500 2012 4601 demodoreflexionit&locoimagi·
2068 4540 2073 4547 ·

739 4618 794 4671 nra
807 4594 847 4671 ab
854 4590 1141 4681 observationibus
1151 4602 1325 4698 derivatas,
1335 4610 1600 4711 nimirumquod
1610 4606 1753 4708 togulae
1768 4604 2011 4685 reflexionirfit

1904 4732 2009 4803 ingu-

460 2124 509 2179 ma
