<?xml version="1.0" encoding="UTF-8"?>
<!DOCTYPE html PUBLIC "-//W3C//DTD XHTML 1.0 Transitional//EN"
    "http://www.w3.org/TR/xhtml1/DTD/xhtml1-transitional.dtd">
<html xmlns="http://www.w3.org/1999/xhtml" xml:lang="en" lang="en">
 <head>
  <title>
</title>
<meta http-equiv="Content-Type" content="text/html;charset=utf-8" />
  <meta name='ocr-system' content='tesseract 3.04.00' />
  <meta name='ocr-capabilities' content='ocr_page ocr_carea ocr_par ocr_line ocrx_word'/>
</head>
<body>
  <div class='ocr_page' id='page_1' title='image "./philosophiarati00wolfgoog_0027.png"; bbox 0 0 4834 5634; ppageno 0'>
   <div class='ocr_carea' id='block_1_1' title="bbox 624 786 1776 965">
    <p class='ocr_par' dir='ltr' id='par_1_1' title="bbox 624 786 1776 965">
     <span class='ocr_line' id='line_1_1' title="bbox 624 786 1776 965; baseline 0.012 -48"><span class='ocrx_word' id='word_1_1' title='bbox 624 786 1612 951; x_wconf 74' lang='lat' dir='ltr'>it&#39;siotico,philofopltitn&amp;mathematico.</span> <span class='ocrx_word' id='word_1_2' title='bbox 1746 852 1776 965; x_wconf 79' lang='lat'><em>3</em></span> 
     </span>
    </p>
   </div>
   <div class='ocr_carea' id='block_1_2' title="bbox 443 1028 1772 1471">
    <p class='ocr_par' dir='ltr' id='par_1_2' title="bbox 443 1028 1772 1471">
     <span class='ocr_line' id='line_1_2' title="bbox 451 1028 1772 1163; baseline 0.016 -48"><span class='ocrx_word' id='word_1_3' title='bbox 451 1028 517 1119; x_wconf 81' lang='lat' dir='ltr'>nifi</span> <span class='ocrx_word' id='word_1_4' title='bbox 540 1030 610 1117; x_wconf 88' lang='lat' dir='ltr'>ubi</span> <span class='ocrx_word' id='word_1_5' title='bbox 633 1036 785 1119; x_wconf 81' lang='lat' dir='ltr'>camin</span> <span class='ocrx_word' id='word_1_6' title='bbox 807 1037 981 1120; x_wconf 85' lang='lat' dir='ltr'>medium</span> <span class='ocrx_word' id='word_1_7' title='bbox 1004 1039 1289 1149; x_wconf 81' lang='lat' dir='ltr'><strong>protulerimus.</strong></span> <span class='ocrx_word' id='word_1_8' title='bbox 1349 1046 1426 1133; x_wconf 91' lang='lat' dir='ltr'>Pro</span> <span class='ocrx_word' id='word_1_9' title='bbox 1454 1052 1631 1163; x_wconf 72' lang='lat' dir='ltr'>presente</span> <span class='ocrx_word' id='word_1_10' title='bbox 1656 1054 1772 1163; x_wconf 88' lang='lat' dir='ltr'>igitur</span> 
     </span>
     <span class='ocr_line' id='line_1_3' title="bbox 445 1148 1768 1275; baseline 0.014 -44"><span class='ocrx_word' id='word_1_11' title='bbox 445 1148 569 1259; x_wconf 85' lang='lat' dir='ltr'>scopo</span> <span class='ocrx_word' id='word_1_12' title='bbox 583 1150 698 1235; x_wconf 84' lang='lat' dir='ltr'>nobis</span> <span class='ocrx_word' id='word_1_13' title='bbox 714 1152 876 1261; x_wconf 85' lang='lat' dir='ltr'>perinde</span> <span class='ocrx_word' id='word_1_14' title='bbox 889 1150 1037 1257; x_wconf 82' lang='lat' dir='ltr'>en,s1ve</span> <span class='ocrx_word' id='word_1_15' title='bbox 1051 1162 1302 1246; x_wconf 80' lang='lat' dir='ltr'>universalitas</span> <span class='ocrx_word' id='word_1_16' title='bbox 1319 1164 1437 1248; x_wconf 81' lang='lat' dir='ltr'>asserti</span> <span class='ocrx_word' id='word_1_17' title='bbox 1454 1169 1686 1275; x_wconf 77' lang='lat' dir='ltr'>agnoscetur,</span> <span class='ocrx_word' id='word_1_18' title='bbox 1695 1166 1768 1250; x_wconf 86' lang='lat' dir='ltr'>five</span> 
     </span>
     <span class='ocr_line' id='line_1_4' title="bbox 447 1264 1767 1391; baseline 0.014 -44"><span class='ocrx_word' id='word_1_19' title='bbox 447 1268 488 1347; x_wconf 90' lang='lat' dir='ltr'>in</span> <span class='ocrx_word' id='word_1_20' title='bbox 504 1264 669 1350; x_wconf 88' lang='lat' dir='ltr'>dubium</span> <span class='ocrx_word' id='word_1_21' title='bbox 686 1286 862 1372; x_wconf 84' lang='lat' dir='ltr'>vocetur,</span> <span class='ocrx_word' id='word_1_22' title='bbox 870 1287 935 1351; x_wconf 83' lang='lat' dir='ltr'>aut</span> <span class='ocrx_word' id='word_1_23' title='bbox 949 1271 1101 1378; x_wconf 86' lang='lat' dir='ltr'>prorsus</span> <span class='ocrx_word' id='word_1_24' title='bbox 1116 1279 1316 1379; x_wconf 81' lang='lat' dir='ltr'><strong>rejiciatur.</strong></span> <span class='ocrx_word' id='word_1_25' title='bbox 1367 1280 1513 1367; x_wconf 91' lang='lat' dir='ltr'>Nullos</span> <span class='ocrx_word' id='word_1_26' title='bbox 1535 1288 1767 1391; x_wconf 84' lang='lat' dir='ltr'>cognitionis</span> 
     </span>
     <span class='ocr_line' id='line_1_5' title="bbox 443 1379 1063 1471; baseline 0.011 -8"><span class='ocrx_word' id='word_1_27' title='bbox 443 1382 640 1469; x_wconf 82' lang='lat' dir='ltr'>rotiontun</span> <span class='ocrx_word' id='word_1_28' title='bbox 655 1384 902 1467; x_wconf 82' lang='lat' dir='ltr'>decernimus</span> <span class='ocrx_word' id='word_1_29' title='bbox 913 1379 1063 1471; x_wconf 66' lang='lat' dir='ltr'>liniter„</span> 
     </span>
    </p>
   </div>
   <div class='ocr_carea' id='block_1_3' title="bbox 443 1632 1992 2475">
    <p class='ocr_par' dir='ltr' id='par_1_3' title="bbox 443 1632 1992 2475">
     <span class='ocr_line' id='line_1_6' title="bbox 572 1632 1925 1773; baseline 0.007 -54"><span class='ocrx_word' id='word_1_30' title='bbox 572 1632 736 1749; x_wconf 69' lang='lat' dir='ltr'>cognito</span> <span class='ocrx_word' id='word_1_31' title='bbox 750 1636 909 1721; x_wconf 81' lang='lat' dir='ltr'>rationis</span> <span class='ocrx_word' id='word_1_32' title='bbox 923 1661 1080 1745; x_wconf 82' lang='lat' dir='ltr'>eorum,</span> <span class='ocrx_word' id='word_1_33' title='bbox 1108 1666 1189 1754; x_wconf 75' lang='lat' dir='ltr'>quc</span> <span class='ocrx_word' id='word_1_34' title='bbox 1205 1639 1308 1748; x_wconf 89' lang='lat' dir='ltr'>sunt,</span> <span class='ocrx_word' id='word_1_35' title='bbox 1324 1636 1387 1725; x_wconf 90' lang='lat' dir='ltr'>vel</span> <span class='ocrx_word' id='word_1_36' title='bbox 1403 1642 1510 1750; x_wconf 87' lang='lat' dir='ltr'>liunt,</span> <span class='ocrx_word' id='word_1_37' title='bbox 1518 1646 1760 1757; x_wconf 62' lang='lat' dir='ltr'>piilfipiica</span> <span class='ocrx_word' id='word_1_38' title='bbox 1773 1680 1925 1773; x_wconf 60' lang='lat' dir='ltr'>&amp;finito</span> 
     </span>
     <span class='ocr_line' id='line_1_7' title="bbox 443 1743 1959 1881; baseline 0.02 -54"><span class='ocrx_word' id='word_1_39' title='bbox 443 1743 595 1830; x_wconf 75' lang='lat' dir='ltr'>dicitur.</span> <span class='ocrx_word' id='word_1_40' title='bbox 899 1834 904 1843; x_wconf 89' lang='grc'>,</span> <span class='ocrx_word' id='word_1_41' title='bbox 1773 1795 1959 1881; x_wconf 79' lang='lat' dir='ltr'>cognitionis</span> 
     </span>
     <span class='ocr_line' id='line_1_8' title="bbox 555 1860 1992 1991; baseline 0.015 -56"><span class='ocrx_word' id='word_1_42' title='bbox 555 1864 597 1935; x_wconf 74' lang='lat' dir='ltr'>F„</span> <span class='ocrx_word' id='word_1_43' title='bbox 610 1886 661 1957; x_wconf 79' lang='lat' dir='ltr'>gr.</span> <span class='ocrx_word' id='word_1_44' title='bbox 690 1860 964 1967; x_wconf 83' lang='lat' dir='ltr'>Plrilosophicam</span> <span class='ocrx_word' id='word_1_45' title='bbox 983 1868 1086 1946; x_wconf 72' lang='lat' dir='ltr'>habet</span> <span class='ocrx_word' id='word_1_46' title='bbox 1108 1894 1223 1947; x_wconf 78' lang='lat' dir='ltr'>motus</span> <span class='ocrx_word' id='word_1_47' title='bbox 1247 1896 1411 1973; x_wconf 83' lang='lat' dir='ltr'>aquarum</span> <span class='ocrx_word' id='word_1_48' title='bbox 1433 1874 1469 1943; x_wconf 88' lang='lat' dir='ltr'>in</span> <span class='ocrx_word' id='word_1_49' title='bbox 1488 1870 1583 1947; x_wconf 82' lang='lat' dir='ltr'>alveo</span> <span class='ocrx_word' id='word_1_50' title='bbox 1606 1872 1756 1945; x_wconf 78' lang='lat' dir='ltr'>fluminis</span> <span class='ocrx_word' id='word_1_51' title='bbox 1770 1884 1992 1991; x_wconf 65' lang='lat' dir='ltr'>philossphito.</span> 
     </span>
     <span class='ocr_line' id='line_1_9' title="bbox 501 1966 1757 2073; baseline 0.013 -42"><span class='ocrx_word' id='word_1_52' title='bbox 501 1966 745 2057; x_wconf 77' lang='lat' dir='ltr'>cognitionem,</span> <span class='ocrx_word' id='word_1_53' title='bbox 765 1972 825 2065; x_wconf 89' lang='lat' dir='ltr'>qui</span> <span class='ocrx_word' id='word_1_54' title='bbox 836 1969 1047 2063; x_wconf 67' lang='lat' dir='ltr'>intelligibili⁴</span> <span class='ocrx_word' id='word_1_55' title='bbox 1057 1974 1159 2046; x_wconf 89' lang='lat' dir='ltr'>modo</span> <span class='ocrx_word' id='word_1_56' title='bbox 1177 1975 1343 2073; x_wconf 82' lang='lat' dir='ltr'>explicare</span> <span class='ocrx_word' id='word_1_57' title='bbox 1359 1972 1462 2060; x_wconf 76' lang='lat' dir='ltr'>velet,</span> <span class='ocrx_word' id='word_1_58' title='bbox 1480 1976 1655 2071; x_wconf 90' lang='lat' dir='ltr'>quomodo</span> <span class='ocrx_word' id='word_1_59' title='bbox 1669 2000 1687 2045; x_wconf 80' lang='lat' dir='ltr'>a</span> <span class='ocrx_word' id='word_1_60' title='bbox 1702 1972 1757 2047; x_wconf 90' lang='lat' dir='ltr'>de-</span> 
     </span>
     <span class='ocr_line' id='line_1_10' title="bbox 510 2058 1755 2174; baseline 0.014 -43"><span class='ocrx_word' id='word_1_61' title='bbox 510 2058 655 2135; x_wconf 80' lang='lat' dir='ltr'>clirirere</span> <span class='ocrx_word' id='word_1_62' title='bbox 666 2060 824 2141; x_wconf 64' lang='lat' dir='ltr'>{nuilite</span> <span class='ocrx_word' id='word_1_63' title='bbox 839 2068 1006 2169; x_wconf 84' lang='lat' dir='ltr'>preffione</span> <span class='ocrx_word' id='word_1_64' title='bbox 1022 2098 1116 2171; x_wconf 79' lang='lat' dir='ltr'>rquae</span> <span class='ocrx_word' id='word_1_65' title='bbox 1133 2068 1326 2174; x_wconf 81' lang='lat' dir='ltr'>superioris,</span> <span class='ocrx_word' id='word_1_66' title='bbox 1336 2098 1436 2171; x_wconf 89' lang='lat' dir='ltr'>quam</span> <span class='ocrx_word' id='word_1_67' title='bbox 1452 2071 1596 2148; x_wconf 81' lang='lat' dir='ltr'>inferior</span> <span class='ocrx_word' id='word_1_68' title='bbox 1606 2072 1755 2158; x_wconf 79' lang='lat' dir='ltr'>instinct.</span> 
     </span>
     <span class='ocr_line' id='line_1_11' title="bbox 514 2162 1754 2275; baseline 0.015 -43"><span class='ocrx_word' id='word_1_69' title='bbox 514 2162 669 2259; x_wconf 75' lang='lat' dir='ltr'>pendent.</span> <span class='ocrx_word' id='word_1_70' title='bbox 713 2170 787 2240; x_wconf 86' lang='lat' dir='ltr'>Nee</span> <span class='ocrx_word' id='word_1_71' title='bbox 798 2174 908 2242; x_wconf 76' lang='lat' dir='ltr'>minus</span> <span class='ocrx_word' id='word_1_72' title='bbox 928 2170 1198 2274; x_wconf 83' lang='lat' dir='ltr'>philosophicam</span> <span class='ocrx_word' id='word_1_73' title='bbox 1215 2181 1380 2275; x_wconf 82' lang='lat' dir='ltr'>appetitur</span> <span class='ocrx_word' id='word_1_74' title='bbox 1397 2172 1498 2247; x_wconf 87' lang='lat' dir='ltr'>habet</span> <span class='ocrx_word' id='word_1_75' title='bbox 1513 2180 1754 2269; x_wconf 83' lang='lat' dir='ltr'>cognitionem,</span> 
     </span>
     <span class='ocr_line' id='line_1_12' title="bbox 513 2260 1754 2379; baseline 0.017 -48"><span class='ocrx_word' id='word_1_76' title='bbox 513 2265 573 2359; x_wconf 81' lang='lat' dir='ltr'>qui</span> <span class='ocrx_word' id='word_1_77' title='bbox 588 2260 704 2339; x_wconf 85' lang='lat' dir='ltr'>docere</span> <span class='ocrx_word' id='word_1_78' title='bbox 712 2266 830 2365; x_wconf 83' lang='lat' dir='ltr'>potell,</span> <span class='ocrx_word' id='word_1_79' title='bbox 855 2297 922 2370; x_wconf 83' lang='lat' dir='ltr'>qua</span> <span class='ocrx_word' id='word_1_80' title='bbox 934 2278 1064 2349; x_wconf 79' lang='lat' dir='ltr'>ratione</span> <span class='ocrx_word' id='word_1_81' title='bbox 1084 2279 1253 2377; x_wconf 74' lang='lat' dir='ltr'>appetitus</span> <span class='ocrx_word' id='word_1_82' title='bbox 1272 2272 1393 2373; x_wconf 75' lang='lat' dir='ltr'>objelli</span> <span class='ocrx_word' id='word_1_83' title='bbox 1409 2276 1514 2350; x_wconf 83' lang='lat' dir='ltr'>oblati</span> <span class='ocrx_word' id='word_1_84' title='bbox 1536 2303 1576 2349; x_wconf 88' lang='lat' dir='ltr'>er</span> <span class='ocrx_word' id='word_1_85' title='bbox 1592 2280 1664 2376; x_wconf 80' lang='lat' dir='ltr'>ejus</span> <span class='ocrx_word' id='word_1_86' title='bbox 1679 2304 1754 2379; x_wconf 87' lang='lat' dir='ltr'>per·</span> 
     </span>
     <span class='ocr_line' id='line_1_13' title="bbox 502 2366 1061 2475; baseline 0.025 -40"><span class='ocrx_word' id='word_1_87' title='bbox 502 2368 660 2463; x_wconf 79' lang='lat' dir='ltr'>ceptione</span> <span class='ocrx_word' id='word_1_88' title='bbox 671 2367 799 2445; x_wconf 75' lang='lat' dir='ltr'>undem</span> <span class='ocrx_word' id='word_1_89' title='bbox 813 2366 920 2445; x_wconf 83' lang='lat' dir='ltr'>fuerit</span> <span class='ocrx_word' id='word_1_90' title='bbox 933 2398 1061 2475; x_wconf 73' lang='lat' dir='ltr'>eretur.</span> 
     </span>
    </p>
   </div>
   <div class='ocr_carea' id='block_1_4' title="bbox 430 2530 1984 3169">
    <p class='ocr_par' dir='ltr' id='par_1_4' title="bbox 430 2530 1984 3169">
     <span class='ocr_line' id='line_1_14' title="bbox 571 2530 1967 2751; baseline 0.001 -57"><span class='ocrx_word' id='word_1_91' title='bbox 571 2614 711 2719; x_wconf 75' lang='lat' dir='ltr'>Differt</span> <span class='ocrx_word' id='word_1_92' title='bbox 730 2624 885 2729; x_wconf 81' lang='lat' dir='ltr'>cognitio</span> <span class='ocrx_word' id='word_1_93' title='bbox 901 2530 1205 2729; x_wconf 51' lang='lat' dir='ltr'>philosophicoyeb</span> <span class='ocrx_word' id='word_1_94' title='bbox 1226 2618 1398 2727; x_wconf 73' lang='lat' dir='ltr'>historico.</span> <span class='ocrx_word' id='word_1_95' title='bbox 1465 2611 1562 2699; x_wconf 78' lang='lat' dir='ltr'>Haec</span> <span class='ocrx_word' id='word_1_96' title='bbox 1586 2618 1689 2698; x_wconf 85' lang='lat' dir='ltr'>enirn</span> <span class='ocrx_word' id='word_1_97' title='bbox 1713 2618 1752 2695; x_wconf 91' lang='lat' dir='ltr'>in</span> <span class='ocrx_word' id='word_1_98' title='bbox 1771 2656 1967 2751; x_wconf 55' lang='lat' dir='ltr'><em>Difflrm</em></span> 
     </span>
     <span class='ocr_line' id='line_1_15' title="bbox 433 2723 1957 2857; baseline 0.006 -50"><span class='ocrx_word' id='word_1_99' title='bbox 433 2723 539 2810; x_wconf 79' lang='lat' dir='ltr'>nudo</span> <span class='ocrx_word' id='word_1_100' title='bbox 554 2724 647 2812; x_wconf 67' lang='lat' dir='ltr'>scili</span> <span class='ocrx_word' id='word_1_101' title='bbox 660 2736 795 2815; x_wconf 85' lang='lat' dir='ltr'>notitia</span> <span class='ocrx_word' id='word_1_102' title='bbox 817 2732 971 2818; x_wconf 83' lang='lat' dir='ltr'>subsrstit</span> <span class='ocrx_word' id='word_1_103' title='bbox 995 2739 1046 2847; x_wconf 90' lang='grc'>(9.</span> <span class='ocrx_word' id='word_1_104' title='bbox 1064 2736 1140 2845; x_wconf 78' lang='lat'><strong>3.):</strong></span> <span class='ocrx_word' id='word_1_105' title='bbox 1181 2736 1245 2819; x_wconf 85' lang='lat' dir='ltr'>illa</span> <span class='ocrx_word' id='word_1_106' title='bbox 1265 2763 1359 2817; x_wconf 88' lang='lat' dir='ltr'>vero</span> <span class='ocrx_word' id='word_1_107' title='bbox 1385 2732 1540 2819; x_wconf 87' lang='lat' dir='ltr'>ulterius</span> <span class='ocrx_word' id='word_1_108' title='bbox 1564 2732 1752 2843; x_wconf 83' lang='lat' dir='ltr'>progrcllu</span> <span class='ocrx_word' id='word_1_109' title='bbox 1770 2771 1957 2857; x_wconf 74' lang='lat' dir='ltr'>cognitionis</span> 
     </span>
     <span class='ocr_line' id='line_1_16' title="bbox 430 2842 1971 2963; baseline 0.012 -40"><span class='ocrx_word' id='word_1_110' title='bbox 430 2846 626 2927; x_wconf 78' lang='lat' dir='ltr'>rationem</span> <span class='ocrx_word' id='word_1_111' title='bbox 640 2842 731 2931; x_wconf 78' lang='lat' dir='ltr'>fatti</span> <span class='ocrx_word' id='word_1_112' title='bbox 744 2847 870 2959; x_wconf 83' lang='lat' dir='ltr'>polam</span> <span class='ocrx_word' id='word_1_113' title='bbox 883 2848 991 2955; x_wconf 84' lang='lat' dir='ltr'>facit,</span> <span class='ocrx_word' id='word_1_114' title='bbox 1015 2873 1057 2934; x_wconf 91' lang='lat' dir='ltr'>ut</span> <span class='ocrx_word' id='word_1_115' title='bbox 1074 2850 1324 2961; x_wconf 78' lang='lat' dir='ltr'>intelligatur,</span> <span class='ocrx_word' id='word_1_116' title='bbox 1349 2879 1416 2936; x_wconf 91' lang='lat' dir='ltr'>cur</span> <span class='ocrx_word' id='word_1_117' title='bbox 1430 2850 1643 2931; x_wconf 88' lang='lat' dir='ltr'>istiusmodi</span> <span class='ocrx_word' id='word_1_118' title='bbox 1660 2850 1752 2963; x_wconf 92' lang='lat' dir='ltr'>quid</span> <span class='ocrx_word' id='word_1_119' title='bbox 1768 2860 1917 2952; x_wconf 67' lang='lat' dir='ltr'>intortio</span> <span class='ocrx_word' id='word_1_120' title='bbox 1931 2866 1971 2941; x_wconf 65' lang='grc' dir='ltr'><em>ὅ</em></span> 
     </span>
     <span class='ocr_line' id='line_1_17' title="bbox 430 2960 1984 3169; baseline 0 -129"><span class='ocrx_word' id='word_1_121' title='bbox 430 2960 517 3041; x_wconf 89' lang='lat' dir='ltr'>fieri</span> <span class='ocrx_word' id='word_1_122' title='bbox 528 2963 648 3071; x_wconf 80' lang='lat' dir='ltr'>pollrt</span> <span class='ocrx_word' id='word_1_123' title='bbox 672 2968 728 3065; x_wconf 90' lang='grc'>(9.</span> <span class='ocrx_word' id='word_1_124' title='bbox 745 2968 818 3077; x_wconf 81' lang='grc'><strong>6.).</strong></span> <span class='ocrx_word' id='word_1_125' title='bbox 875 2962 976 3169; x_wconf 44' lang='lat' dir='ltr'>Q?</span> <span class='ocrx_word' id='word_1_126' title='bbox 992 2995 1086 3049; x_wconf 89' lang='lat' dir='ltr'>vero</span> <span class='ocrx_word' id='word_1_127' title='bbox 1101 2996 1182 3050; x_wconf 93' lang='lat' dir='ltr'>non</span> <span class='ocrx_word' id='word_1_128' title='bbox 1198 2970 1302 3051; x_wconf 86' lang='lat' dir='ltr'>videt</span> <span class='ocrx_word' id='word_1_129' title='bbox 1317 2992 1494 3076; x_wconf 81' lang='lat' dir='ltr'>magnam</span> <span class='ocrx_word' id='word_1_130' title='bbox 1509 2964 1573 3045; x_wconf 92' lang='lat' dir='ltr'>hic</span> <span class='ocrx_word' id='word_1_131' title='bbox 1592 2970 1752 3047; x_wconf 88' lang='lat' dir='ltr'>interce·</span> <span class='ocrx_word' id='word_1_132' title='bbox 1764 2962 1984 3069; x_wconf 72' lang='lat' dir='ltr'>philosophico.</span> 
     </span>
     <span class='ocr_line' id='line_1_18' title="bbox 430 3075 1751 3169; baseline 0.005 -12"><span class='ocrx_word' id='word_1_133' title='bbox 430 3075 524 3158; x_wconf 89' lang='lat' dir='ltr'>dere</span> <span class='ocrx_word' id='word_1_134' title='bbox 542 3076 824 3165; x_wconf 82' lang='lat' dir='ltr'>differentiam?</span> <span class='ocrx_word' id='word_1_135' title='bbox 852 3080 907 3167; x_wconf 90' lang='lat' dir='ltr'>So</span> <span class='ocrx_word' id='word_1_136' title='bbox 964 3112 981 3168; x_wconf 91' lang='lat' dir='ltr'>s</span> <span class='ocrx_word' id='word_1_137' title='bbox 1000 3080 1090 3167; x_wconf 75' lang='lat' dir='ltr'>fatu</span> <span class='ocrx_word' id='word_1_138' title='bbox 1103 3084 1447 3169; x_wconf 78' lang='lat' dir='ltr'>notitiaorrationis</span> <span class='ocrx_word' id='word_1_139' title='bbox 1458 3078 1563 3167; x_wconf 86' lang='lat' dir='ltr'>¹illius</span> <span class='ocrx_word' id='word_1_140' title='bbox 1578 3076 1670 3163; x_wconf 72' lang='lat' dir='ltr'>fusti</span> <span class='ocrx_word' id='word_1_141' title='bbox 1684 3107 1751 3163; x_wconf 90' lang='lat' dir='ltr'>co-</span> 
     </span>
    </p>
   </div>
   <div class='ocr_carea' id='block_1_5' title="bbox 429 3196 1751 3705">
    <p class='ocr_par' dir='ltr' id='par_1_5' title="bbox 429 3196 1022 3309">
     <span class='ocr_line' id='line_1_19' title="bbox 429 3196 1022 3309; baseline 0.013 -34"><span class='ocrx_word' id='word_1_142' title='bbox 429 3196 560 3301; x_wconf 84' lang='lat' dir='ltr'>gnitio</span> <span class='ocrx_word' id='word_1_143' title='bbox 577 3222 821 3309; x_wconf 77' lang='lat' dir='ltr'>nequaquam</span> <span class='ocrx_word' id='word_1_144' title='bbox 837 3200 920 3283; x_wconf 91' lang='lat' dir='ltr'>sunt</span> <span class='ocrx_word' id='word_1_145' title='bbox 937 3224 1022 3283; x_wconf 83' lang='lat' dir='ltr'>una.</span> 
     </span>
    </p>

    <p class='ocr_par' dir='ltr' id='par_1_6' title="bbox 484 3305 1751 3705">
     <span class='ocr_line' id='line_1_20' title="bbox 535 3305 1751 3415; baseline -0.001 -34"><span class='ocrx_word' id='word_1_146' title='bbox 535 3312 576 3381; x_wconf 90' lang='lat' dir='ltr'>E.</span> <span class='ocrx_word' id='word_1_147' title='bbox 587 3336 641 3405; x_wconf 83' lang='lat' dir='ltr'>gr.</span> <span class='ocrx_word' id='word_1_148' title='bbox 669 3312 780 3387; x_wconf 89' lang='lat' dir='ltr'>Aliud</span> <span class='ocrx_word' id='word_1_149' title='bbox 795 3312 844 3388; x_wconf 87' lang='lat' dir='ltr'>ell</span> <span class='ocrx_word' id='word_1_150' title='bbox 857 3313 965 3405; x_wconf 86' lang='lat' dir='ltr'>nolle,</span> <span class='ocrx_word' id='word_1_151' title='bbox 980 3341 1101 3415; x_wconf 79' lang='lat' dir='ltr'>aquom</span> <span class='ocrx_word' id='word_1_152' title='bbox 1115 3319 1151 3389; x_wconf 91' lang='lat' dir='ltr'>in</span> <span class='ocrx_word' id='word_1_153' title='bbox 1166 3314 1264 3388; x_wconf 79' lang='lat' dir='ltr'>alveo</span> <span class='ocrx_word' id='word_1_154' title='bbox 1280 3309 1431 3387; x_wconf 79' lang='lat' dir='ltr'>fluminis</span> <span class='ocrx_word' id='word_1_155' title='bbox 1445 3308 1642 3397; x_wconf 83' lang='lat' dir='ltr'>decurrere,</span> <span class='ocrx_word' id='word_1_156' title='bbox 1655 3305 1751 3380; x_wconf 81' lang='lat' dir='ltr'>eliud</span> 
     </span>
     <span class='ocr_line' id='line_1_21' title="bbox 484 3408 1751 3518; baseline -0.001 -35"><span class='ocrx_word' id='word_1_157' title='bbox 484 3434 571 3483; x_wconf 74' lang='lat' dir='ltr'>vero</span> <span class='ocrx_word' id='word_1_158' title='bbox 584 3408 808 3507; x_wconf 79' lang='lat' dir='ltr'>cognoscere,</span> <span class='ocrx_word' id='word_1_159' title='bbox 823 3416 916 3513; x_wconf 87' lang='lat' dir='ltr'>quod</span> <span class='ocrx_word' id='word_1_160' title='bbox 932 3418 966 3490; x_wconf 90' lang='lat' dir='ltr'>id</span> <span class='ocrx_word' id='word_1_161' title='bbox 981 3415 1038 3489; x_wconf 83' lang='lat' dir='ltr'>fiat</span> <span class='ocrx_word' id='word_1_162' title='bbox 1052 3440 1194 3518; x_wconf 88' lang='lat' dir='ltr'>propter</span> <span class='ocrx_word' id='word_1_163' title='bbox 1211 3418 1434 3493; x_wconf 82' lang='lat' dir='ltr'>declivitatem</span> <span class='ocrx_word' id='word_1_164' title='bbox 1450 3410 1549 3485; x_wconf 89' lang='lat' dir='ltr'>fundi</span> <span class='ocrx_word' id='word_1_165' title='bbox 1566 3413 1599 3482; x_wconf 74' lang='grc' dir='ltr'>ἃ</span> <span class='ocrx_word' id='word_1_166' title='bbox 1615 3409 1751 3512; x_wconf 81' lang='lat' dir='ltr'>preffio·</span> 
     </span>
     <span class='ocr_line' id='line_1_22' title="bbox 489 3510 1751 3620; baseline -0.003 -30"><span class='ocrx_word' id='word_1_167' title='bbox 489 3536 586 3603; x_wconf 79' lang='lat' dir='ltr'>nem,</span> <span class='ocrx_word' id='word_1_168' title='bbox 607 3542 713 3613; x_wconf 80' lang='lat' dir='ltr'>quam</span> <span class='ocrx_word' id='word_1_169' title='bbox 728 3542 810 3616; x_wconf 73' lang='lat' dir='ltr'>aqna</span> <span class='ocrx_word' id='word_1_170' title='bbox 825 3514 967 3593; x_wconf 87' lang='lat' dir='ltr'>inferior</span> <span class='ocrx_word' id='word_1_171' title='bbox 983 3514 1119 3595; x_wconf 85' lang='lat' dir='ltr'>sustinet</span> <span class='ocrx_word' id='word_1_172' title='bbox 1132 3546 1150 3591; x_wconf 80' lang='lat' dir='ltr'>a</span> <span class='ocrx_word' id='word_1_173' title='bbox 1163 3514 1341 3620; x_wconf 74' lang='lat' dir='ltr'>superiori.</span> <span class='ocrx_word' id='word_1_174' title='bbox 1394 3523 1435 3589; x_wconf 92' lang='lat' dir='ltr'>ln</span> <span class='ocrx_word' id='word_1_175' title='bbox 1449 3514 1511 3588; x_wconf 86' lang='lat' dir='ltr'>isto</span> <span class='ocrx_word' id='word_1_176' title='bbox 1531 3510 1658 3587; x_wconf 65' lang='lat' dir='ltr'>festum</span> <span class='ocrx_word' id='word_1_177' title='bbox 1674 3538 1751 3586; x_wconf 87' lang='lat' dir='ltr'>con·</span> 
     </span>
     <span class='ocr_line' id='line_1_23' title="bbox 488 3610 1094 3705; baseline 0.01 -18"><span class='ocrx_word' id='word_1_178' title='bbox 488 3610 586 3705; x_wconf 67' lang='lat' dir='ltr'>istie</span> <span class='ocrx_word' id='word_1_179' title='bbox 610 3616 679 3693; x_wconf 90' lang='lat' dir='ltr'>hoe</span> <span class='ocrx_word' id='word_1_180' title='bbox 692 3624 779 3694; x_wconf 84' lang='lat' dir='ltr'>ratio</span> <span class='ocrx_word' id='word_1_181' title='bbox 797 3616 878 3694; x_wconf 68' lang='lat' dir='ltr'>fatti</span> <span class='ocrx_word' id='word_1_182' title='bbox 892 3624 1094 3696; x_wconf 84' lang='lat' dir='ltr'>continetur.</span> 
     </span>
    </p>
   </div>
   <div class='ocr_carea' id='block_1_6' title="bbox 426 3880 1969 4901">
    <p class='ocr_par' dir='ltr' id='par_1_7' title="bbox 426 3880 1969 4691">
     <span class='ocr_line' id='line_1_24' title="bbox 566 3880 1918 4004; baseline 0.001 -39"><span class='ocrx_word' id='word_1_183' title='bbox 566 3884 647 3995; x_wconf 70' lang='lat' dir='ltr'>Qi</span> <span class='ocrx_word' id='word_1_184' title='bbox 657 3891 776 3991; x_wconf 84' lang='lat' dir='ltr'>novit,</span> <span class='ocrx_word' id='word_1_185' title='bbox 799 3914 906 3999; x_wconf 82' lang='lat' dir='ltr'>quom</span> <span class='ocrx_word' id='word_1_186' title='bbox 921 3893 1093 3969; x_wconf 81' lang='lat' dir='ltr'>rationem</span> <span class='ocrx_word' id='word_1_187' title='bbox 1105 3891 1206 3990; x_wconf 76' lang='lat' dir='ltr'>firtii</span> <span class='ocrx_word' id='word_1_188' title='bbox 1220 3880 1343 3993; x_wconf 84' lang='lat' dir='ltr'>alleget</span> <span class='ocrx_word' id='word_1_189' title='bbox 1356 3888 1474 3984; x_wconf 62' lang='lat' dir='ltr'>altem·</span> <span class='ocrx_word' id='word_1_190' title='bbox 1502 3894 1537 3970; x_wconf 89' lang='lat' dir='ltr'>is</span> <span class='ocrx_word' id='word_1_191' title='bbox 1549 3886 1918 4004; x_wconf 60' lang='lat' dir='ltr'>historicnn&#39;ffiflortu</span> 
     </span>
     <span class='ocr_line' id='line_1_25' title="bbox 426 3992 1891 4117; baseline 0.004 -40"><span class='ocrx_word' id='word_1_192' title='bbox 426 3992 532 4077; x_wconf 78' lang='lat' dir='ltr'>hain</span> <span class='ocrx_word' id='word_1_193' title='bbox 550 4006 782 4111; x_wconf 83' lang='lat' dir='ltr'>cognitionem</span> <span class='ocrx_word' id='word_1_194' title='bbox 805 4010 1015 4111; x_wconf 78' lang='lat' dir='ltr'>cognitionis</span> <span class='ocrx_word' id='word_1_195' title='bbox 1029 4000 1277 4111; x_wconf 76' lang='lat' dir='ltr'>philosophice</span> <span class='ocrx_word' id='word_1_196' title='bbox 1304 4003 1462 4085; x_wconf 77' lang='lat' dir='ltr'>ulterius.</span> <span class='ocrx_word' id='word_1_197' title='bbox 1535 3998 1618 4117; x_wconf 86' lang='lat' dir='ltr'>Qui</span> <span class='ocrx_word' id='word_1_198' title='bbox 1640 4004 1740 4081; x_wconf 88' lang='lat' dir='ltr'>enirn</span> <span class='ocrx_word' id='word_1_199' title='bbox 1757 4020 1891 4108; x_wconf 71' lang='lat' dir='ltr'>cognitio</span> 
     </span>
     <span class='ocr_line' id='line_1_26' title="bbox 433 4112 1942 4236; baseline 0.001 -43"><span class='ocrx_word' id='word_1_200' title='bbox 433 4118 560 4220; x_wconf 85' lang='lat' dir='ltr'>novit,</span> <span class='ocrx_word' id='word_1_201' title='bbox 572 4140 689 4228; x_wconf 81' lang='lat' dir='ltr'>quarn</span> <span class='ocrx_word' id='word_1_202' title='bbox 704 4122 892 4200; x_wconf 83' lang='lat' dir='ltr'>rationem</span> <span class='ocrx_word' id='word_1_203' title='bbox 907 4114 996 4200; x_wconf 69' lang='lat' dir='ltr'>fasti</span> <span class='ocrx_word' id='word_1_204' title='bbox 1008 4116 1145 4225; x_wconf 78' lang='lat' dir='ltr'>alleget</span> <span class='ocrx_word' id='word_1_205' title='bbox 1158 4116 1269 4209; x_wconf 81' lang='lat' dir='ltr'>ulter3</span> <span class='ocrx_word' id='word_1_206' title='bbox 1299 4119 1331 4197; x_wconf 89' lang='lat' dir='ltr'>is</span> <span class='ocrx_word' id='word_1_207' title='bbox 1344 4124 1467 4222; x_wconf 88' lang='lat' dir='ltr'>novit,</span> <span class='ocrx_word' id='word_1_208' title='bbox 1485 4146 1564 4230; x_wconf 82' lang='lat' dir='ltr'>qnae</span> <span class='ocrx_word' id='word_1_209' title='bbox 1581 4116 1621 4198; x_wconf 80' lang='lat' dir='ltr'>stt</span> <span class='ocrx_word' id='word_1_210' title='bbox 1637 4112 1739 4198; x_wconf 81' lang='lat' dir='ltr'>alteri</span> <span class='ocrx_word' id='word_1_211' title='bbox 1756 4120 1942 4236; x_wconf 66' lang='lat' dir='ltr'>cognitionis</span> 
     </span>
     <span class='ocr_line' id='line_1_27' title="bbox 428 4210 1969 4343; baseline -0.005 -28"><span class='ocrx_word' id='word_1_212' title='bbox 428 4234 609 4339; x_wconf 86' lang='lat' dir='ltr'>cognitio</span> <span class='ocrx_word' id='word_1_213' title='bbox 626 4230 892 4343; x_wconf 80' lang='lat' dir='ltr'>philosophica</span> <span class='ocrx_word' id='word_1_214' title='bbox 907 4236 947 4315; x_wconf 92' lang='lat' dir='ltr'>in</span> <span class='ocrx_word' id='word_1_215' title='bbox 961 4234 1051 4316; x_wconf 78' lang='lat' dir='ltr'>doto</span> <span class='ocrx_word' id='word_1_216' title='bbox 1067 4234 1151 4317; x_wconf 79' lang='lat' dir='ltr'>cusu</span> <span class='ocrx_word' id='word_1_217' title='bbox 1169 4236 1222 4343; x_wconf 86' lang='grc'>(9.</span> <span class='ocrx_word' id='word_1_218' title='bbox 1239 4232 1313 4339; x_wconf 87' lang='grc'><strong>6.).</strong></span> <span class='ocrx_word' id='word_1_219' title='bbox 1371 4231 1558 4341; x_wconf 86' lang='lat' dir='ltr'>Cognitio</span> <span class='ocrx_word' id='word_1_220' title='bbox 1573 4230 1740 4342; x_wconf 87' lang='lat' dir='ltr'>philoso·</span> <span class='ocrx_word' id='word_1_221' title='bbox 1752 4210 1969 4321; x_wconf 64' lang='lat' dir='ltr'>philosophice.</span> 
     </span>
     <span class='ocr_line' id='line_1_28' title="bbox 426 4346 1741 4461; baseline -0.004 -30"><span class='ocrx_word' id='word_1_222' title='bbox 426 4346 546 4461; x_wconf 84' lang='lat' dir='ltr'>phicn</span> <span class='ocrx_word' id='word_1_223' title='bbox 571 4346 722 4433; x_wconf 78' lang='lat' dir='ltr'>alterius</span> <span class='ocrx_word' id='word_1_224' title='bbox 746 4348 800 4432; x_wconf 85' lang='lat' dir='ltr'>est</span> <span class='ocrx_word' id='word_1_225' title='bbox 824 4376 883 4433; x_wconf 86' lang='lat' dir='ltr'>res</span> <span class='ocrx_word' id='word_1_226' title='bbox 907 4346 1008 4433; x_wconf 79' lang='lat' dir='ltr'>fatu.</span> <span class='ocrx_word' id='word_1_227' title='bbox 1064 4346 1275 4457; x_wconf 86' lang='lat' dir='ltr'>Cognoscit</span> <span class='ocrx_word' id='word_1_228' title='bbox 1298 4348 1396 4431; x_wconf 77' lang='lat' dir='ltr'>adeo</span> <span class='ocrx_word' id='word_1_229' title='bbox 1420 4347 1564 4433; x_wconf 70' lang='lat' dir='ltr'>fnilum</span> <span class='ocrx_word' id='word_1_230' title='bbox 1579 4348 1741 4449; x_wconf 75' lang='lat' dir='ltr'>alterio,</span> 
     </span>
     <span class='ocr_line' id='line_1_29' title="bbox 431 4459 1743 4578; baseline -0.005 -31"><span class='ocrx_word' id='word_1_231' title='bbox 431 4466 708 4578; x_wconf 86' lang='lat' dir='ltr'>consequenter</span> <span class='ocrx_word' id='word_1_232' title='bbox 723 4470 956 4575; x_wconf 85' lang='lat' dir='ltr'>cognitionis</span> <span class='ocrx_word' id='word_1_233' title='bbox 971 4462 1243 4576; x_wconf 71' lang='lat' dir='ltr'>philosophico</span> <span class='ocrx_word' id='word_1_234' title='bbox 1265 4461 1415 4547; x_wconf 80' lang='lat' dir='ltr'>alterius</span> <span class='ocrx_word' id='word_1_235' title='bbox 1438 4465 1653 4549; x_wconf 78' lang='lat' dir='ltr'>historicam</span> <span class='ocrx_word' id='word_1_236' title='bbox 1675 4459 1743 4566; x_wconf 54' lang='lat' dir='ltr'>hog</span> 
     </span>
     <span class='ocr_line' id='line_1_30' title="bbox 435 4579 932 4691; baseline 0 -26"><span class='ocrx_word' id='word_1_237' title='bbox 435 4579 497 4665; x_wconf 85' lang='lat' dir='ltr'>lter</span> <span class='ocrx_word' id='word_1_238' title='bbox 510 4586 781 4691; x_wconf 87' lang='lat' dir='ltr'>coguitionem</span> <span class='ocrx_word' id='word_1_239' title='bbox 796 4586 848 4691; x_wconf 85' lang='lat'>(§.</span> <span class='ocrx_word' id='word_1_240' title='bbox 863 4584 932 4691; x_wconf 73' lang='grc'><strong>3.).</strong></span> 
     </span>
    </p>

    <p class='ocr_par' dir='ltr' id='par_1_8' title="bbox 495 4690 1744 4901">
     <span class='ocr_line' id='line_1_31' title="bbox 532 4690 1744 4797; baseline -0.006 -24"><span class='ocrx_word' id='word_1_241' title='bbox 532 4702 574 4773; x_wconf 82' lang='grc' dir='ltr'>Ε.</span> <span class='ocrx_word' id='word_1_242' title='bbox 582 4722 635 4795; x_wconf 82' lang='lat' dir='ltr'>gr.</span> <span class='ocrx_word' id='word_1_243' title='bbox 650 4700 771 4797; x_wconf 74' lang='lat' dir='ltr'>Siquis</span> <span class='ocrx_word' id='word_1_244' title='bbox 779 4700 982 4797; x_wconf 83' lang='lat' dir='ltr'>novit,juxta</span> <span class='ocrx_word' id='word_1_245' title='bbox 991 4692 1325 4793; x_wconf 73' lang='lat' dir='ltr'>tfitanm-Ntonmtm</span> <span class='ocrx_word' id='word_1_246' title='bbox 1335 4716 1446 4768; x_wconf 88' lang='lat' dir='ltr'>motnr</span> <span class='ocrx_word' id='word_1_247' title='bbox 1454 4690 1590 4795; x_wconf 87' lang='lat' dir='ltr'>elllprici</span> <span class='ocrx_word' id='word_1_248' title='bbox 1598 4690 1744 4793; x_wconf 81' lang='lat' dir='ltr'>planete·</span> 
     </span>
     <span class='ocr_line' id='line_1_32' title="bbox 495 4792 1744 4901; baseline -0.004 -28"><span class='ocrx_word' id='word_1_249' title='bbox 495 4820 560 4873; x_wconf 78' lang='lat' dir='ltr'>m</span> <span class='ocrx_word' id='word_1_250' title='bbox 571 4802 822 4901; x_wconf 81' lang='lat' dir='ltr'>primariorum</span> <span class='ocrx_word' id='word_1_251' title='bbox 839 4798 872 4873; x_wconf 87' lang='lat'>&amp;</span> <span class='ocrx_word' id='word_1_252' title='bbox 889 4822 1101 4874; x_wconf 84' lang='lat' dir='ltr'>cometarum</span> <span class='ocrx_word' id='word_1_253' title='bbox 1114 4803 1201 4874; x_wconf 85' lang='lat' dir='ltr'>circa</span> <span class='ocrx_word' id='word_1_254' title='bbox 1214 4798 1328 4871; x_wconf 87' lang='lat' dir='ltr'>Solem</span> <span class='ocrx_word' id='word_1_255' title='bbox 1351 4818 1450 4893; x_wconf 83' lang='lat' dir='ltr'>atque</span> <span class='ocrx_word' id='word_1_256' title='bbox 1469 4792 1744 4875; x_wconf 82' lang='lat' dir='ltr'>secundariorum</span> 
     </span>
    </p>
   </div>
   <div class='ocr_carea' id='block_1_7' title="bbox 496 4888 1745 5081">
    <p class='ocr_par' dir='ltr' id='par_1_9' title="bbox 496 4888 1745 5081">
     <span class='ocr_line' id='line_1_33' title="bbox 496 4888 1745 5081; baseline -0.002 -108"><span class='ocrx_word' id='word_1_257' title='bbox 496 4900 570 4979; x_wconf 73' lang='lat' dir='ltr'>tire</span> <span class='ocrx_word' id='word_1_258' title='bbox 583 4896 665 4979; x_wconf 76' lang='lat' dir='ltr'>nnn</span> <span class='ocrx_word' id='word_1_259' title='bbox 681 4904 873 5005; x_wconf 72' lang='lat' dir='ltr'>primarios,</span> <span class='ocrx_word' id='word_1_260' title='bbox 886 4888 993 4977; x_wconf 78' lang='lat' dir='ltr'>veluti</span> <span class='ocrx_word' id='word_1_261' title='bbox 1002 4900 1294 5081; x_wconf 56' lang='lat' dir='ltr'>Satellirpm2Jovie</span> <span class='ocrx_word' id='word_1_262' title='bbox 1312 4900 1541 5009; x_wconf 78' lang='lat' dir='ltr'>circaJovem,</span> <span class='ocrx_word' id='word_1_263' title='bbox 1555 4898 1745 5073; x_wconf 42' lang='lat' dir='ltr'>Satelsltattppr·</span> 
     </span>
    </p>
   </div>
   <div class='ocr_carea' id='block_1_8' title="bbox 0 0 2422 5634">
    <p class='ocr_par' dir='ltr' id='par_1_10' title="bbox 0 0 2422 5634">
     <span class='ocr_line' id='line_1_34' title="bbox 0 0 2422 5634; baseline 0 0"><span class='ocrx_word' id='word_1_264' title='bbox 0 0 2422 5634; x_wconf 95' lang='lat' dir='ltr'> </span> 
     </span>
    </p>
   </div>
  </div>
 </body>
</html>
