4834 5634
858 848 973 958 atii
1022 854 1147 959 (ut
1208 856 1325 959 hiat

944 1076 1128 1151 CAPVT
1172 1080 1236 1150 IV.

567 1236 663 1348 DE
696 1231 1067 1348 METHODO
1100 1236 1607 1413 PHiLOSOPHICA.

948 1563 954 1576 .
1016 1509 1045 1597 §.
1103 1526 1171 1605 115.

492 1644 552 1733 Er
566 1639 780 1733 Methodttm
798 1640 1074 1761 philosophicam
1093 1643 1266 1753 intelligo
1292 1647 1490 1753 ordinem,
1518 1674 1597 1761 quo
1613 1652 1654 1729 in
1668 1664 1739 1727 tra·
1756 1668 1901 1741 Mathodi
1910 1670 1980 1769 phi-

527 1762 658 1847 dendis
674 1762 872 1867 dogmatis
890 1765 945 1842 uti
961 1763 1072 1845 debet
1086 1760 1348 1873 philosophus.
1756 1770 1905 1869 Iosophtcae
1928 1770 1979 1841 de·

532 1874 750 1953 observanda
757 1874 939 1949 methodus
946 1901 1008 1975 per
1016 1877 1159 1971 singulas
1167 1871 1389 1978 philosophiae
1398 1899 1519 1977 partes,
1528 1876 1677 1975 adeoque
1686 1900 1738 1947 or·
1747 1870 1867 1961 finitio.

487 1980 537 2051 do
545 1981 602 2051 hic
613 1971 763 2051 diversus
779 1972 829 2046 est
844 1973 884 2045 ab
901 2002 959 2067 eo,
984 2003 1087 2075 quem
1105 1978 1147 2051 de
1162 1983 1302 2072 integris
1318 1974 1497 2077 disciplinis
1506 1984 1614 2080 capite
1622 2004 1742 2077 praece·

500 2080 598 2151 dente
609 2074 915 2152 demonstravimus.
970 2080 1267 2179 Qremadmodum
1276 2083 1387 2177 itaque
1395 2078 1520 2153 ibidem
1528 2078 1743 2160 ostendimus,

507 2171 1316 2277 quarationeiutegraedisciplinaefintordinandae3
1350 2184 1394 2251 ita
1408 2182 1464 2253 hic
1485 2181 1656 2269 docemus,
1675 2205 1745 2276 quo

508 2274 612 2353 modo
625 2272 799 2369 inlingulis
807 2273 990 2377 disciplinis
1000 2280 1155 2375 dogmata
1165 2282 1312 2353 ordin-ari
1324 2285 1507 2353 conveniat.
1535 2284 1700 2378 Equidem
1710 2285 1746 2351 in

503 2382 628 2473 Logiea
645 2372 740 2451 usum
754 2379 825 2477 ejus
840 2382 876 2452 in
893 2381 1060 2455 tradendis
1077 2375 1256 2481 disciplinis
1272 2378 1532 2454 demonstraturi
1546 2380 1748 2453 methodum

493 2474 924 2651 ilirmrepraesenrabimus:
946 2483 994 2555 nil
1003 2505 1117 2555 tamen
1133 2480 1249 2569 obstet,
1260 2486 1449 2580 quominus
1457 2483 1523 2555 hoc
1531 2480 1607 2556 loco
1616 2508 1653 2555 ea
1662 2475 1748 2554 dere

491 2580 624 2658 nonnul
670 2581 708 2651 in
724 2579 878 2654 medium
893 2581 1124 2685 proferamus,
1138 2608 1213 2681 quae
1231 2580 1356 2681 absque
1369 2584 1474 2656 multa
1491 2586 1622 2677 Logicae
1632 2583 1748 2656 notitia

484 2681 629 2777 intelligi
641 2676 792 2781 possunt.

1014 2820 1042 2907 §.
1089 2816 1160 2897 116.

566 2958 609 3044 ln
644 2953 838 3078 hilasophio
853 2988 921 3045 non
939 2959 1106 3046 utendum
1123 2960 1168 3064 esi
1183 2966 1345 3046 terminis
1360 2958 1610 3072 nifi‘accurata
1627 2954 1748 3064 defini
1763 2979 1935 3045 auronum

433 3082 555 3166 tianae
627 3079 738 3158 'aiio
767 3072 812 3157 Si
828 3080 868 3157 in
883 3076 1125 3186 philosophia
1149 3104 1229 3159 non
1256 3082 1398 3159 utimur
1421 3081 1590 3161 terminis
1610 3074 1675 3157 nisi
1691 3100 1744 3155 ac·
1761 3084 1894 3149 ternum·
1908 3100 1961 3144 ex·

435 3209 564 3277 curata
602 3189 802 3272 efinitione
818 3190 1033 3302 explicatis,
1048 3190 1272 3300 singularum
1295 3192 1598 3301 propositionum
1626 3190 1747 3273 sensus
1757 3176 1911 3279 plicando.

431 3310 486 3393 est
502 3300 736 3387 manifestus.
794 3302 1004 3390 Enimvero
1019 3310 1168 3389 scientia
1184 3337 1274 3390 cum
1290 3306 1331 3390 fit
1340 3309 1580 3417 philosophia
1589 3312 1639 3417 (i.
1650 3308 1750 3414 ou),

464 3445 675 3531 utcunque
718 3424 819 3502 inea
859 3422 1110 3527 affirmantur,
1156 3424 1443 3506 demonstranda
1467 3427 1550 3504 l'unt
1577 3427 1634 3529 (i.
1652 3432 1749 3529 30.)

434 3452 640 3665 Quoniam
656 3562 754 3619 vero
769 3564 837 3646 per
851 3536 889 3619 se
903 3558 1015 3647 patet,
1031 3536 1149 3621 thesm
1164 3538 1409 3621 demonstrari
1425 3566 1503 3619 non
1519 3536 1637 3646 poss'e,
1650 3558 1750 3618 arrre-

441 3680 559 3770 quam
573 3651 654 3753 ejus
663 3648 787 3733 sensus
802 3648 845 3733 fit
868 3674 1018 3748 certus3
1047 3658 1225 3736 omnium
1255 3651 1559 3762 propositionum
1582 3650 1750 3761 philolo·

434 3770 642 3883 phicarum
656 3786 782 3850 certus
799 3766 872 3849 eise
886 3768 1000 3852 debet
1025 3768 1147 3853 sensus
1154 3834 1166 3872 ,
1203 3768 1374 3880 adeoque
1397 3796 1476 3852 non
1499 3770 1681 3851 utendum
1697 3767 1749 3849 est

437 3886 614 3971 terminis
628 3880 695 3969 nifi
709 3904 879 3967 accurata
894 3886 1115 3968 definitione
1140 3882 1344 3994 explicatis.

544 4001 726 4073 Siutamur
733 4003 886 4073 terminis
893 4000 947 4073 vel
955 3994 1092 4099 prorsus
1102 4026 1172 4073 non
1182 4002 1362 4100 explicatis,
1375 4000 1428 4074 vel
1438 3998 1632 4073 definitione
1640 3998 1751 4069 minut

494 4122 647 4180 semma
659 4099 826 4201 expofitis,
839 4126 959 4175 eorum
970 4100 1170 4197 fignificatus
1179 4103 1233 4175 vel
1248 4097 1385 4205 prorsus
1395 4100 1553 4177 obscurus
1565 4101 1620 4189 est,
1630 4100 1682 4170 vel
1691 4100 1749 4169 mi·

496 4207 626 4279 nimum
635 4202 826 4299 mbiguus,
834 4208 915 4276 utin
923 4206 1038 4303 priore
1046 4199 1122 4277 casu
1136 4204 1331 4305 propositio,
1342 4231 1440 4300 quam
1450 4197 1749 4295 ingredituristius·

487 4304 586 4383 modi
599 4306 777 4392 terminus,
790 4300 929 4405 prorsus
945 4332 1015 4378 non
1024 4305 1239 4398 intelligatur,
1248 4312 1282 4377 in
1293 4303 1637 4406 posterioredubiaehr
1647 4306 1746 4371 inter·

489 4410 702 4513 pretationis.
754 4412 835 4480 Hoc
851 4429 962 4481 eutem
975 4434 1045 4481 non
1065 4404 1157 4507 poiie
1172 4406 1346 4481 confiilere
1361 4434 1437 4483 cum
1448 4408 1642 4479 omnimoda
1653 4406 1749 4474 certi·

490 4512 626 4594 maine,
649 4509 709 4583 oui
726 4512 762 4581 in
778 4506 994 4609 Philosophia
1007 4506 1207 4582 studendum
1234 4516 1281 4602 (ς.
1301 4516 1386 4606 33.),
1411 4509 1593 4581 attendenti
1612 4502 1751 4578 manife-

495 4608 576 4688 hum
587 4608 654 4687 elle
671 4609 831 4684 arbitror.
882 4616 947 4683 Vix
964 4608 1182 4709 quoquefieri
1197 4616 1337 4712 poterit,
1352 4634 1390 4682 ut
1403 4609 1751 4709 pr·opofitioner,qua·

505 4737 570 4791 τω
584 4706 703 4793 sensus
717 4738 791 4786 non
801 4734 893 4785 certo
902 4712 1002 4787 nobis
1009 4712 1145 4799 constat,
1152 4714 1208 4787 vel
1217 4738 1321 4810 vagus
1330 4710 1511 4785 admodum
1521 4709 1752 4783 &indetermi-

509 4835 583 4895 ιω
595 4816 664 4904 est,
682 4814 726 4887 ad
745 4808 839 4887 casus
852 4814 969 4887 obvios
986 4818 1067 4889 eitra
1082 4819 1236 4891 errorem
1250 4816 1471 4913 applicentur.
1533 4808 1753 4887 Destituimur

513 4910 707 5003 dufiuau
727 4909 972 5017 philosophia,
996 4942 1070 5019 quae
1084 4924 1120 4995 'ur
1135 4912 1235 4993 usum
1251 4912 1462 4991 scientiarum
1472 4935 1571 5017 atque
1581 4918 1656 4991 rite
1665 4910 1756 4986 disci-

1124 5023 1204 5121 G3
1689 5039 1754 5089 tur.
