4834 5634
736 594 817 702 De
842 594 972 695 roario
994 596 1121 694 alios
1139 596 1444 697 roooaaradi
1673 628 1756 731 7¹1

548 820 713 889 Contione
733 839 846 889 tamen
859 817 915 889 hie
935 840 1021 913 opus
1041 812 1102 903 est,
1123 842 1166 887 ne
1183 814 1265 888 duat
1286 812 1543 903 observationes,
1558 814 1612 889 vel
1626 823 1750 914 erperi·

495 940 609 991 menta
636 943 706 989 non
733 917 871 1013 prorsus
898 920 1014 991 eadem
1031 942 1095 1014 pto
1119 917 1237 987 iisdem
1264 917 1455 991 habeamus.
1507 912 1748 991 Diversaenim

489 1042 556 1117 pto
569 1018 689 1107 iisdem
704 1018 831 1091 habena
850 1024 886 1092 in
902 1042 1055 1095 errorem
1070 1016 1241 1114 incidit(§.
1253 1024 1344 1115 631.)⁸

1004 1189 1034 1294 l·
1091 1214 1189 1293 990·

569 1341 734 1443 Aptiori
754 1342 919 1418 veritatis
937 1337 1177 1441 oeifalfitatis
1202 1336 1350 1416 alterata
1374 1343 1609 1423 rartoiacimor
1640 1349 1681 1422 ai
1695 1344 1748 1425 de·
1771 1358 1960 1429 blidramn-

426 1452 694 1557 malestritioait
701 1483 719 1545 ;
742 1448 1010 1556 probabilitatis
1024 1478 1141 1533 atatem
1158 1464 1198 1532 oi
1212 1449 1430 1542 probationis
1437 1451 1644 1560 probabilis.
1703 1452 1745 1534 Si
1768 1459 1919 1529 ornandi
1937 1457 1982 1526 ai·

432 1566 676 1675 predicatum
700 1561 868 1664 lubjeilo
893 1572 1096 1646 convenire
1116 1565 1191 1647 five
1215 1564 1375 1668 docile,
1391 1566 1464 1649 stve
1480 1569 1663 1652 inditeile
1678 1571 1742 1649 tle-
1764 1564 1987 1658 tertooaprio·

430 1679 641 1761 monstrare
654 1677 842 1781 valemus,
870 1680 1079 1786 propositio
1111 1680 1225 1763 nobis
1259 1700 1358 1760 certa
1382 1684 1433 1762 cll
1451 1686 1501 1788 (q.
1512 1688 1599 1789 568.
1621 1687 1640 1789 )
1659 1685 1695 1764 Gi
1713 1682 1740 1767 li
1759 1667 1801 1737 7¹7·

432 1794 688 1875 demottlltate
728 1792 895 1873 valemus
916 1856 928 1895 ,
953 1796 1198 1899 praedicatum
1224 1794 1293 1875 suo
1325 1824 1531 1903 repugnate
1560 1798 1744 1902 lubjeilm

431 1929 582 1991 certum
600 1906 710 1989 nobis
726 1910 781 1988 est
802 1906 1101 2015 propositionem
1116 1909 1189 1990 else
1203 1904 1330 1990 salsam
1346 1912 1396 2015 (q.
1420 1938 1497 2016 571.
1507 1919 1539 2020 ).
1599 1909 1748 2033 Qant-

431 2022 606 2107 obtemst
622 2028 661 2105 vi
678 2023 1006 2105 demonstrationis
1022 2024 1068 2105 ab
1083 2022 1200 2106 altero
1217 2021 1396 2105 assensum
1415 2025 1664 2135 propositioni
1680 2028 1748 2106 tle-

429 2139 644 2221 monsttattt
660 2136 905 2245 praebendum
941 2163 1167 2251 extorquete
1198 2139 1316 2246 poffis
1340 2169 1352 2232 ;
1380 2147 1627 2245 certarent,
1654 2168 1746 2249 pto·

430 2252 663 2362 pofitionem
679 2254 804 2333 datam
827 2252 897 2333 elle
913 2280 1062 2357 veram,
1080 2254 1141 2335 vel
1164 2250 1314 2359 salsam,
1330 2256 1601 2365 consequenter
1623 2260 1662 2337 vi
1679 2255 1745 2339 do

430 2369 717 2452 monstrationis
732 2396 822 2449 eum
837 2372 1031 2451 convicisti
1049 2370 1241 2479 (§.983.).

567 2479 766 2607 Qoaiam
782 2482 958 2591 probatio
983 2485 1190 2593 probabilis
1205 2482 1402 2593 ptaetniffos
1421 2484 1634 2593 probabiles
1649 2513 1746 2569 con-

429 2603 529 2679 tinet
546 2600 598 2705 (q.
616 2600 761 2704 586),
791 2606 1010 2708 ceteroquin
1029 2627 1157 2681 veroa
1173 2600 1494 2681 ‹letnonstratione
1512 2628 1591 2682 non
1616 2600 1744 2681 differt

429 2714 485 2820 (ᾗ.
501 2725 589 2817 588.
602 2720 641 2817 );
675 2718 714 2792 vi
732 2712 965 2820 probotionis
982 2712 1185 2821 probabilis
1201 2733 1337 2795 attente
1359 2716 1543 2823 perpensa:
1573 2711 1744 2825 propost-

429 2834 492 2911 tio
517 2826 670 2935 probata
696 2826 900 2935 probabilis
927 2829 1167 2936 intelligitur,
1195 2830 1281 2933 seu,
1305 2826 1331 2911 st
1356 2834 1440 2938 quis
1469 2830 1740 2939 probationem

429 2940 672 3053 probabilem
707 2964 927 3024 contextcte
951 2943 1078 3045 valet,
1102 2949 1139 3025 ei
1165 2964 1313 3026 certum
1337 2946 1416 3049 ea,
1439 2944 1742 3055 propositionem

427 3056 629 3167 probatam
652 3058 724 3138 else
749 3058 996 3165 probabilem.
1052 3056 1319 3180 Quamobrem
1343 3058 1409 3140 ubi
1434 3065 1472 3140 vi
1504 3060 1742 3167 probationis

427 3170 636 3283 probabilis
659 3172 837 3254 assensum
860 3172 915 3253 ab
938 3172 1057 3255 altero
1084 3172 1311 3285 essttotquere
1336 3174 1478 3280 posl'n3
1510 3197 1633 3255 certus
1656 3178 1742 3273 erit,

428 3284 732 3399 propofitionettt
750 3289 874 3368 datam
889 3288 960 3368 eise
972 3286 1229 3397 probabilem,
1252 3290 1524 3398 consequenter
1548 3294 1586 3368 vi
1603 3288 1740 3396 proba·

427 3408 549 3486 tionis
565 3401 769 3509 probabilis
787 3432 878 3484 cum
903 3405 1095 3486 convicitli
1116 3406 1167 3511 (i.
1181 3404 1320 3510 984).

535 3522 615 3589 Hoc
633 3546 649 3587 o
664 3522 771 3617 priori
786 3519 1008 3592 convincendi
1025 3519 1127 3591 motio
1145 3543 1285 3590 atuntur
1299 3516 1542 3601 Mathematici,
1557 3508 1741 3611 prasertim

481 3621 700 3708 Geometra‚
724 3645 786 3691 nec
814 3617 1000 3694 infeliciter.
1060 3621 1198 3692 Constat
1220 3614 1294 3691 sane
1318 3643 1380 3716 per
1405 3640 1455 3690 tot
1480 3612 1587 3689 secula
1613 3637 1744 3700 omnes,

481 3743 651 3819 quotquot
669 3726 818 3805 animum
834 3722 874 3791 ati
890 3726 1065 3795 veritatem
1079 3722 1326 3793 theorematum
1337 3724 1624 3812 geometricorum
1642 3713 1739 3787 intel·

479 3822 652 3913 ligendom
679 3823 883 3920 appulerunt
916 3879 927 3908 ,
959 3824 1030 3920 ejus
1071 3848 1207 3920 quoque
1247 3817 1345 3893 fuisse
1370 3818 1551 3894 consistas.
1622 3823 1736 3916 Quan-

480 3946 670 4021 tuscunque
687 3923 770 3994 odeo
786 3923 823 3993 fit
838 3928 870 3995 in
889 3923 988 3996 rebus
1000 3918 1257 4004 aliitclilleosut,
1274 3925 1386 3993 nullut
1408 3946 1517 3993 tamen
1534 3926 1619 3992 eirca
1643 3918 1738 3987 tlteo·

481 4046 612 4098 tentata
629 4026 790 4108 iactatis,
812 4026 1025 4112 archotoros,
1042 4028 1209 4125 Apollonii,
1236 4024 1408 4115 Theodoti,
1435 4026 1578 4095 illatrlui
1591 4041 1740 4104 notatur,

483 4126 542 4213 δι’,
570 4127 662 4219 quctl
696 4130 877 4197 marimum
908 4124 979 4213 cll,
1003 4151 1046 4197 tte
1072 4125 1209 4224 quidem
1236 4129 1321 4197 inter
1348 4147 1431 4205 eoo,
1458 4125 1577 4221 quiin
1604 4118 1677 4191 aliis
1701 4122 1737 4189 in

482 4222 625 4299 diversas
641 4224 780 4325 prorsus
807 4222 980 4300 sententias
1008 4225 1144 4300 abeunt.
1196 4224 1398 4324 Exemplum
1416 4225 1739 4295 mathematicorum

488 4352 552 4401 noa
576 4329 730 4426 impulit,
753 4353 807 4419 ut,
830 4334 960 4402 ratione
986 4350 1084 4399 tanta
1106 4327 1337 4414 certitudinis,
1363 4352 1437 4424 qua
1457 4351 1559 4423 penes
1575 4316 1664 4421 ipsos
1681 4317 1739 4407 est,

482 4427 628 4516 detesto,
652 4433 810 4519 eandem,
835 4456 997 4529 quantum
1015 4427 1123 4517 datur,
1147 4422 1293 4501 semitam
1318 4432 1350 4499 in
1366 4424 1579 4524 philosophia
1597 4421 1737 4516 calcare·

482 4558 583 4615 mus,
607 4530 788 4629 praesertim
814 4560 891 4606 cum
915 4531 1013 4603 nobis
1035 4550 1181 4627 pateret,
1203 4532 1263 4602 alia
1279 4533 1330 4600 vio.
1347 4554 1467 4601 certam
1484 4552 1599 4598 retum
1621 4526 1740 4619 cogni·

480 4636 610 4709 tionem
636 4632 781 4711 obtineri
803 4661 874 4709 non
897 4629 1016 4735 polle:
1041 4633 1166 4705 etenim
1191 4631 1216 4707 st
1247 4633 1475 4725 coguitionem
1511 4622 1737 4703 demonstrati-

1661 4752 1742 4806 tam
