4834 5634
659 507 1541 657 Deitrtcrprttondescriptttrafltcgn.
1658 526 1766 645 703

462 778 469 789 -
499 731 679 817 e'notione
694 738 745 807 rei
759 731 826 806 fuit
842 740 957 833 petita.
1010 744 1329 844 Cavendumitaque
1346 751 1382 817 in
1393 733 1635 824 omnicasu,ne
1649 734 1762 826 viety-

498 830 657 925 mologiae
672 858 729 905 aut
747 837 1001 934 cornposrrionis
1025 851 1117 919 vocis
1133 855 1359 940 grammatice
1374 848 1425 919 rei
1449 840 1659 924 uibuanwt
1686 856 1761 930 Ψ

501 930 612 1005 eidem
626 938 769 1010 minime
784 945 1001 1016 conveniunt.

596 1196 639 1278 Si
653 1226 730 1308 qun
737 1203 992 1310 propofitt'ones
1005 1213 1046 1287 t'n
1060 1192 1756 1317 strepturefiacraotonrmnt,quaeett'ont
1778 1172 1998 1341 Qumfsiff

440 1316 579 1391 rationi
603 1317 886 1425 pervesttgabilet
903 1317 991 1411 fient
1003 1356 1018 1412 ,·
1045 1332 1133 1431 quin
1160 1332 1284 1407 eaedem
1311 1355 1358 1403 ox
1384 1329 1520 1402 notione
1539 1316 1682 1412 ſstbjettt·
1696 1317 1757 1391 de·
1771 1280 1985 1468 fflfflar,

441 1428 632 1533 monstrari
639 1429 786 1537 pofflnt,
815 1430 958 1515 dubium
973 1438 1104 1518 nullum
1118 1444 1177 1541 est.
1232 1436 1340 1521 Pone
1356 1440 1472 1539 enirn,
1488 1458 1548 1514 eas
1563 1458 1612 1512 ex
1627 1431 1756 1511 notio·
1795 1408 1886 1576 ἕλη,

445 1566 499 1620 ne
522 1538 675 1641 subjesli
700 1544 946 1630 demonstrari
966 1578 1047 1633 non
1070 1554 1183 1661 posse.
1242 1554 1441 1668 Qroniam
1465 1545 1674 1632 methodus
1704 1508 1793 1622 exp

446 1652 734 1741 definitionibus
759 1660 823 1743 seu
843 1660 1184 1769 notione'subjesli
1200 1668 1239 1749 dr
1266 1674 1346 1771 ejus
1375 1657 1751 1749 determinationibus

443 1770 604 1852 eruendi
643 1776 918 1883 propositiones
948 1782 1079 1863 eadem
1102 1783 1253 1892 prorsus
1275 1786 1328 1866 est
1349 1811 1440 1864 cum
1466 1774 1749 1875 demonstrandi

433 1886 652 1991 -1nethod0,
673 1893 723 1969 ita
745 1913 787 1973 ut
802 1897 841 1975 vi
858 1896 1188 1981 demonstrationis
1204 1901 1346 1983 eaedem
1365 1903 1404 1977 in
1421 1900 1591 2004 apricum
1606 1886 1751 1999 produ-

442 2023 580 2085 cantur
595 2004 745 2112 (§.724.
756 2014 890 2119 725.)3
910 2012 1050 2095 eaedem
1080 2042 1129 2096 ex
1144 2018 1339 2125 principiis
1361 2014 1516 2095 rationis
1532 2005 1748 2111 investigari

441 2144 527 2203 nou
553 2138 761 2229 poterunt,
791 2129 1061 2239 consequenter
1077 2135 1235 2247 ,rationi
1262 2121 1617 2239 impervestigabiles
1644 2118 1747 2199 sunt:

439 2234 555 2347 quod
569 2264 661 2317 cum
675 2236 898 2349 hypothesin
914 2266 1066 2349 evertat,
1080 2244 1282 2329 absurdum
1291 2249 1352 2329 est.
1382 2238 1663 2351 Propositiones
1683 2230 1747 2315 ad-

439 2376 496 2433 eo
510 2344 552 2443 S.
566 2346 606 2433 S.
626 2378 707 2463 qua
723 2362 859 2440 rationi
867 2359 1173 2469 pervestigabiles
1188 2362 1287 2468 sunt,
1296 2360 1543 2445 demonstrari
1558 2350 1720 2487 pollunt-
1781 2424 1784 2447 .

478 2588 481 2593 Ι
550 2507 728 2578 Vocantur
740 2534 759 2578 a
773 2510 964 2604 Theologis
983 2508 1170 2587 illiusmodi
1187 2514 1330 2601 articuli,
1345 2513 1404 2610 qui
1419 2534 1457 2581 ex
1465 2528 1610 2603 utroque
1623 2500 1754 2617 lumine

493 2626 576 2675 eum
608 2612 747 2679 rationis
764 2663 777 2692 ,
810 2632 882 2682 tum
904 2613 1117 2687 revelationis
1131 2611 1365 2701 innotescunt,
1397 2612 1532 2683 otaictrlt'
1544 2604 1622 2694 fidei
1636 2609 1743 2673 ntixtt.

492 2704 598 2779 Tales
624 2701 698 2778 sunt
714 2708 960 2809 propositiones
984 2742 1125 2805 omnes,
1158 2714 1280 2814 quibus
1298 2710 1452 2787 attributa
1469 2712 1580 2781 divina
1601 2704 1643 2776 de
1667 2706 1744 2771 Deo

493 2810 733 2896 enuncientur,
752 2837 813 2883 nec
829 2840 900 2887 non
915 2840 1051 2902 omnes,
1071 2844 1144 2915 quae
1160 2818 1202 2891 de
1218 2817 1405 2891 moralitate
1422 2799 1745 2885 astianumdrrebus

494 2908 977 2988 innaturaobviissentenriam
993 2916 1118 2991 dieunt.
1171 2917 1274 2991 Unde
1292 2937 1450 3016 apparet,
1473 2902 1742 3009 philosophiam,

492 3034 567 3107 quae
583 3010 736 3085 methodi
752 3008 937 3090 scientificae
952 3017 1081 3113 legibus
1104 3015 1284 3109 satisfacit,
1320 3018 1411 3089 haud
1433 3017 1591 3103 exiguum
1618 3005 1741 3121 hahere

490 3104 591 3183 usum
607 3114 642 3182 in
657 3115 835 3187 concordia
852 3119 1063 3193 revelationis
1079 3144 1159 3192 cum
1175 3122 1306 3191 ratione
1321 3115 1431 3217 quoad
1448 3112 1604 3183 articulos
1621 3128 1742 3222 mixtos

418 3268 421 3273 .
491 3210 712 3285 adstruenda:
749 3219 782 3287 id
802 3219 893 3315 quod
906 3221 996 3293 haud
1011 3218 1214 3319 postremam
1229 3222 1405 3292 utilitatem
1419 3213 1548 3314 praestar
1564 3204 1741 3278 aussor-

485 3312 604 3387 ¹vinam
612 3321 826 3392 autoritatem
841 3322 879 3393 iis
895 3316 1175 3419 persuadendam,
1199 3320 1320 3421 quibus
1339 3347 1375 3393 ea
1392 3314 1491 3389 dubia
1514 3311 1656 3383 videtur.
1684 3310 1741 3375 Et·

487 3420 582 3489 enim
601 3419 782 3492 eoncordia
798 3420 853 3494 illa
870 3429 1002 3519 arguit,
1025 3430 1188 3499 rationem
1204 3451 1240 3497 ae
1260 3424 1499 3497 revelationem
1523 3412 1668 3530 eundem
1684 3408 1742 3479 ha·

487 3512 570 3593 bere
587 3542 759 3613 autorem,
778 3549 901 3625 nempe
916 3532 1050 3613 Deum,
1078 3553 1180 3626 quem
1193 3549 1348 3602 autorem
1363 3524 1503 3597 rationis
1520 3507 1743 3617 ipsatauode·

486 3618 664 3695 monlleat.

995 3730 1030 3839 §.
1091 3742 1189 3840 980·

575 3874 714 3983 Qodfi
721 3881 763 3957 in
773 3876 1024 3987 propositione,
1039 3881 1200 4001 quesola
1216 3876 1425 3961 revelatione
1443 3872 1638 3971 innotescit,
1647 3874 1742 3948 notio
1765 3837 1975 4027 &amm

428 3984 596 4097 destinate
611 3991 761 4099 fiely'edl't'
788 4000 1014 4101 innotuerit,
1041 4028 1085 4079 eat
1112 4031 1153 4080 eo
1174 3998 1418 4103 praedicamm
1446 3994 1554 4071 eidem
1584 3990 1743 4067 conveni·
1756 3961 1840 4142 {mn
1861 4024 1983 4110 maa..

427 4134 470 4189 re
485 4100 854 4225 dmonstraripotest,
878 4115 921 4189 itt
932 4108 1126 4221 subfidium
1146 4122 1283 4193 vocatis
1318 4099 1614 4217 propofitt'ont‘bnt
1637 4104 1743 4202 altit,
1761 4162 1798 4213 Μ
1811 4138 1934 4210 dmm.

429 4250 523 4335 qtae
536 4224 599 4303 vel
604 4242 672 4329 per
693 4230 941 4307 revelationem
948 4286 962 4327 ,
987 4234 1237 4311 vesontionem
1261 4236 1501 4309 t'ttaotnetant.
1582 4212 1740 4299 Etenim
1756 4237 1906 4337 strobiler

434 4338 504 4449 qui
519 4340 694 4423 veritates
736 4338 912 4425 revelatas
938 4345 1108 4425 intimius
1154 4348 1354 4427 meditatus
1371 4336 1541 4422 suerit&
1564 4330 1740 4417 methodi
1754 4342 1843 4444 sunt.

433 4452 647 4549 scientifico
675 4464 806 4563 praxin
830 4462 870 4539 in
894 4458 1076 4563 potestate
1104 4458 1254 4554 habet3
1284 4465 1316 4541 is
1345 4482 1424 4538 non
1452 4449 1633 4561 negabit,
1661 4474 1742 4531 non

433 4564 646 4665 tbssmilem
658 4579 696 4657 ei
709 4578 807 4661 inter
828 4572 910 4701 illas
926 4574 1159 4666 uteteeuere
1176 4606 1345 4685 nexum,
1361 4568 1481 4691 qualis
1497 4573 1594 4657 inter
1610 4572 1745 4768 vetittp·

1732 4706 1751 4765 a
