4834 5634
887 740 1387 891 DaBeflnitr‘onibar.
1706 792 1800 907 195

483 1000 564 1091 que
577 976 624 1061 iis
636 978 848 1083 junguntur
859 977 902 1055 in
917 976 1138 1060 definitione
1151 976 1203 1083 (§.
1221 980 1328 1085 118.).
1387 974 1586 1105 Qoniam
1601 988 1796 1099 itaqueeas

480 1098 661 1177 notiones
675 1086 829 1197 angulis·
852 1096 1023 1173 terrrrinis
1046 1086 1312 1175 definitionem
1336 1090 1629 1201 ingredientibus
1652 1104 1794 1189 tribue·

476 1216 723 1311 retenemur,
751 1232 834 1315 que
849 1204 958 1287 rebus
982 1210 1236 1310 conveniunt,
1271 1204 1408 1318 quibus
1430 1209 1650 1301 denotandis
1666 1217 1726 1299 vel
1749 1224 1792 1307 in

473 1328 680 1414 communi
696 1322 883 1428 sermone,
897 1317 961 1405 vel
974 1326 1014 1403 in
1028 1318 1231 1431 disciplinis
1248 1349 1290 1407 ac
1333 1346 1411 1407 arte
1433 1330 1584 1411 termini
1608 1330 1666 1411 isti
1682 1334 1792 1416 desti.

470 1460 636 1533 nantum
668 1442 842 1521 terminis
857 1440 1042 1523 utendum
1063 1438 1138 1541 est,
1172 1440 1498 1549 quemadmodum
1522 1440 1595 1527 sert
1621 1446 1707 1531 usus
1730 1445 1791 1531 lo·

468 1554 615 1667 quendi
642 1554 697 1663 (s
713 1556 829 1665 139.)‚
846 1576 957 1665 atque
972 1560 1013 1635 in
1029 1571 1183 1661 recepto
1200 1550 1404 1659 significatu
1429 1558 1483 1664 (ᾗ.
1502 1562 1618 1669 140.).

536 1720 555 1763 -,
666 1668 774 1751 uodsr
796 1674 1001 1751 terminum
1017 1668 1204 1779 quendam
1218 1689 1304 1749 ante
1319 1670 1562 1779 definiamus,
1592 1702 1706 1787 quam
1720 1703 1789 1761 co-

469 1782 563 1869 dem
577 1788 620 1867 iu
659 1785 858 1865 efinitione
872 1781 992 1893 aliqua
1014 1806 1182 1885 uratum,
1211 1804 1311 1890 patet
1326 1791 1477 1897 utique,
1494 1816 1662 1899 quanam
1675 1798 1787 1876 notio

473 1898 606 2003 eidem
617 1894 660 1981 fit
672 1896 871 1981 tribuenda
898 1901 1087 2009 (§.152.)‚
1116 1918 1228 2007 atque
1243 1898 1339 1979 adeo
1355 1906 1422 2012 qui
1438 1906 1710 2012 precedentem
1724 1908 1786 1989 de

476 2008 695 2095 finitionem
726 2017 857 2117 novit,
890 2039 940 2095 eo
963 2014 1093 2096 audito
1124 2016 1326 2095 notionem
1355 2023 1645 2105 convenientem
1675 2026 1717 2105 in
1745 2022 1784 2105 se

476 2132 643 2210 excitare
657 2126 750 2211 vater
759 2128 813 2237 (ᾗ.
831 2132 941 2239 116.),
971 2128 1241 2240 consequenter
1257 2150 1425 2219 mentem
1461 2132 1673 2219 definientis
1695 2134 1782 2219 asse·

473 2244 608 2353 quitur
631 2240 686 2349 (d
702 2250 802 2352 rra),

573 2359 644 2427 Hie
657 2348 769 2431 ditem
779 2358 886 2447 logice
898 2352 1241 2457 consideramusqnid
1255 2356 1327 2431 fieri
1335 2352 1444 2454 possit,
1454 2384 1524 2432 non
1533 2382 1643 2435 tutem
1655 2366 1780 2461 quidirr

513 2454 597 2529 dero
611 2451 777 2533 casu-fieri
793 2456 920 2529 debeat.
971 2460 1050 2528 Hoc
1065 2460 1157 2529 enim
1172 2458 1214 2532 ad
1231 2465 1366 2551 Logicae
1377 2460 1633 2557 applicationem
1642 2460 1776 2561 spestat:

509 2560 663 2659 quanin
677 2556 783 2633 finem
795 2555 1772 2662 nonnuli-ediximusindiscursupraliminari(§.142.143.)

1037 2682 1066 2768 s.
1126 2686 1203 2789 163.

592 2804 636 2889 In
649 2795 909 2905 definitionibus
925 2794 1090 2883 utendum
1106 2798 1151 2898 est
1167 2804 1329 2881 terminis
1343 2800 1480 2903 clarit,
1516 2830 1584 2891 non
1608 2801 1773 2917 obstem,
1789 2785 1934 2919 Tmriar'
1943 2808 1981 2877 aa

458 2914 508 3005 in
520 2920 749 3003 definitione
764 2917 998 2998 recensentur
1022 2933 1149 3015 nota,
1184 2940 1264 3024 quae
1282 2916 1328 2997 ad
1354 2918 1553 3001 definitum
1567 2922 1769 3029 agnoscen-
1783 2884 1964 2977 dest'm'm

461 3036 555 3119 dum
572 3036 613 3117 dt
627 3032 675 3117 ab
689 3032 770 3115 aliis
786 3029 1088 3139 distinguendum
1104 3034 1343 3137 requiruntur
1371 3032 1424 3141 (§.
1441 3038 1546 3143 153·)·
1611 3034 1659 3119 T
1659 3043 1771 3119 ermi-
1784 3011 1841 3166 Za:
1853 3000 1897 3091 ‘ff
1893 3006 1975 3174 αἰψ’,

459 3154 519 3235 nis
532 3154 652 3259 igitur
668 3146 818 3256 singulis
840 3144 1062 3253 respondere
1076 3140 1187 3225 debet
1211 3148 1321 3226 notio
1346 3144 1460 3254 clara,
1497 3148 1560 3232 etsr
1593 3148 1768 3259 confusa,
1840 3121 1981 3183 mm·

456 3286 627 3351 utnotas
672 3264 767 3373 ipsas
794 3261 992 3369 agnoscere
1021 3278 1181 3369 atquea
1224 3258 1442 3344 seinvicem
1471 3265 1677 3349 discernere
1705 3294 1768 3350 va-

452 3378 625 3486 leamus,
656 3378 749 3462 licet
769 3403 899 3459 earum
933 3368 1041 3456 no'tas
1076 3374 1300 3479 distinguere
1346 3374 1500 3459 ulterius
1536 3408 1767 3491 nequeamus

453 3496 514 3607 (ᾗ
531 3508 597 3597 8⁰·
613 3496 713 3603 88.)ο
779 3490 821 3573 Si
837 3518 949 3601 negas
977 3492 1147 3577 terminis
1175 3488 1399 3594 respondere
1423 3490 1557 3573 debere
1586 3500 1766 3578 notiones

452 3610 592 3697 claras:
622 3612 807 3691 sufficient
824 3606 999 3690 obscurat.
1027 3599 1157 3684 Notas
1173 3603 1269 3684 adeo
1285 3629 1355 3687 nec
1370 3607 1583 3713 agnoscere,
1600 3636 1669 3690 nec
1689 3610 1766 3693 ase

449 3732 628 3813 invicem
640 3724 687 3808 ab
702 3722 782 3805 aliis
799 3724 1004 3805 discernere
1017 3718 1070 3825 (ᾗ.
1087 3722 1188 3826 80.)‚
1206 3718 1476 3831 consequenter
1490 3750 1560 3805 nec
1576 3751 1656 3805 rem
1672 3725 1765 3808 defi-

424 3848 576 3933 ·nitam
590 3869 641 3923 err
658 3841 735 3922 istis
750 3844 851 3922 notis
865 3836 1065 3946 agnoscere
1090 3838 1249 3943 poteris:
1276 3834 1555 3949 idquodscopo
1572 3840 1762 3924 definitio-

449 3962 514 4045 nis
529 3956 739 4039 adversatur
762 3956 933 4063 (§.152.).
996 3947 1043 4030 T
1043 3954 1197 4029 erminis
1214 3952 1350 4061 itaque,
1366 3950 1503 4065 quibus
1523 3957 1767 4063 notaeindigi-

449 4092 602 4177 tantur,
629 4076 807 4153 notiones
822 4069 925 4153 clara:
940 4070 1072 4177 utique
1088 4064 1311 4173 respondere
1326 4068 1474 4150 debent
1520 4067 1650 4193 Qare
1672 4100 1765 4154 cnm

449 4192 577 4281 clarus
592 4188 635 4271 fit
649 4192 854 4290 terminus,
883 4188 946 4267 cui
963 4183 1073 4263 notio
1090 4178 1186 4262 clara
1202 4180 1423 4289 respondem
1453 4186 1634 4267 obscurus
1657 4213 1763 4286 vero,

448 4312 516 4395 cui
549 4300 700 4385 nonnisr
744 4300 900 4385 obscura
941 4298 1103 4381 adheret
1128 4295 1180 4402 (§.
1197 4297 1297 4404 81.);
1325 4298 1587 4382 definitionem
1618 4300 1764 4407 ingredi

447 4440 647 4537 nequeunt
678 4414 747 4503 nifi
773 4420 925 4503 termini
964 4411 1067 4519 clari,
1095 4408 1222 4493 nulius
1252 4415 1294 4495 in
1314 4414 1448 4501 eadem
1479 4416 1588 4500 iocus
1618 4416 1671 4497 est
1694 4410 1766 4495 ob-

451 4540 579 4626 scuris.

596 4728 601 4735 .
1013 4646 1176 4757 §·164·
1963 4740 1967 4749 .

555 4764 668 4859 Cutn
682 4762 765 4851 fieri
780 4758 914 4877 poisat,
939 4780 984 4859 ,ut
1001 4765 1186 4963 ῐεηηὲηέιε
1199 4760 1334 4881 aliquis
1349 4758 1392 4853 fit
1407 4756 1512 4847 alteri
1528 4756 1760 4961 ela2u³,lqui
1768 4781 1919 4881 gum

1185 4902 1211 4967 2
1554 4926 1558 4938 ·
1657 4900 1761 4965 aren
