<?xml version="1.0" encoding="UTF-8"?>
<!DOCTYPE html PUBLIC "-//W3C//DTD XHTML 1.0 Transitional//EN"
    "http://www.w3.org/TR/xhtml1/DTD/xhtml1-transitional.dtd">
<html xmlns="http://www.w3.org/1999/xhtml" xml:lang="en" lang="en">
 <head>
  <title>
</title>
<meta http-equiv="Content-Type" content="text/html;charset=utf-8" />
  <meta name='ocr-system' content='tesseract 3.04.00' />
  <meta name='ocr-capabilities' content='ocr_page ocr_carea ocr_par ocr_line ocrx_word'/>
</head>
<body>
  <div class='ocr_page' id='page_1' title='image "./philosophiarati00wolfgoog_0199.png"; bbox 0 0 4834 5634; ppageno 0'>
   <div class='ocr_carea' id='block_1_1' title="bbox 1060 537 2075 567">
    <p class='ocr_par' dir='ltr' id='par_1_1' title="bbox 1060 537 2075 567">
     <span class='ocr_line' id='line_1_1' title="bbox 1060 537 2075 567; baseline 0.001 -3"><span class='ocrx_word' id='word_1_1' title='bbox 1060 549 1291 565; x_wconf 58' lang='lat' dir='ltr'><strong>“munuum-rona.</strong></span> <span class='ocrx_word' id='word_1_2' title='bbox 1305 551 1370 565; x_wconf 73' lang='grc' dir='ltr'><strong><em>ο--ψ</em></strong></span> <span class='ocrx_word' id='word_1_3' title='bbox 1385 551 1462 566; x_wconf 67' lang='grc' dir='ltr'><strong>ϊιω·</strong></span> <span class='ocrx_word' id='word_1_4' title='bbox 1499 557 1504 564; x_wconf 85' lang='lat'><strong>·</strong></span> <span class='ocrx_word' id='word_1_5' title='bbox 1544 550 1613 567; x_wconf 62' lang='grc' dir='ltr'><strong>..ι-ι’</strong></span> <span class='ocrx_word' id='word_1_6' title='bbox 1648 549 1669 565; x_wconf 78' lang='lat'><strong>⁰·</strong></span> <span class='ocrx_word' id='word_1_7' title='bbox 1681 556 1689 562; x_wconf 89' lang='lat'>-</span> <span class='ocrx_word' id='word_1_8' title='bbox 1729 539 1899 565; x_wconf 46' lang='lat' dir='ltr'><strong>&#39;&#39;m-‘m&#39;</strong></span> <span class='ocrx_word' id='word_1_9' title='bbox 1912 537 2075 566; x_wconf 45' lang='lat' dir='ltr'><strong>-flss&#39;fffflff</strong></span> 
     </span>
    </p>
   </div>
   <div class='ocr_carea' id='block_1_2' title="bbox 663 772 1775 935">
    <p class='ocr_par' dir='ltr' id='par_1_2' title="bbox 663 772 1775 935">
     <span class='ocr_line' id='line_1_2' title="bbox 663 772 1775 935; baseline 0.004 -39"><span class='ocrx_word' id='word_1_10' title='bbox 663 780 763 932; x_wconf 75' lang='lat' dir='ltr'><strong>five</strong></span> <span class='ocrx_word' id='word_1_11' title='bbox 799 780 1141 900; x_wconf 71' lang='lat' dir='ltr'><strong>iirminornm</strong></span> <span class='ocrx_word' id='word_1_12' title='bbox 1171 784 1304 897; x_wconf 80' lang='lat' dir='ltr'><strong>circa</strong></span> <span class='ocrx_word' id='word_1_13' title='bbox 1335 772 1579 901; x_wconf 59' lang='lat' dir='ltr'><strong>notionem¹</strong></span> <span class='ocrx_word' id='word_1_14' title='bbox 1676 814 1775 935; x_wconf 85' lang='lat'><strong>179</strong></span> 
     </span>
    </p>
   </div>
   <div class='ocr_carea' id='block_1_3' title="bbox 438 1015 1991 1823">
    <p class='ocr_par' dir='ltr' id='par_1_3' title="bbox 438 1015 1991 1823">
     <span class='ocr_line' id='line_1_3' title="bbox 1048 1018 1195 1097; baseline 0.007 -1"><span class='ocrx_word' id='word_1_15' title='bbox 1048 1076 1059 1096; x_wconf 92' lang='lat'><strong>.</strong></span> <span class='ocrx_word' id='word_1_16' title='bbox 1117 1018 1195 1097; x_wconf 87' lang='lat'><strong>16.</strong></span> 
     </span>
     <span class='ocr_line' id='line_1_4' title="bbox 557 1015 1974 1251; baseline 0.007 -40"><span class='ocrx_word' id='word_1_17' title='bbox 557 1130 601 1216; x_wconf 79' lang='lat' dir='ltr'><strong>n·</strong></span> <span class='ocrx_word' id='word_1_18' title='bbox 615 1131 700 1251; x_wconf 76' lang='lat' dir='ltr'><strong>quis,</strong></span> <span class='ocrx_word' id='word_1_19' title='bbox 712 1130 814 1230; x_wconf 82' lang='lat' dir='ltr'><strong>eius,</strong></span> <span class='ocrx_word' id='word_1_20' title='bbox 829 1123 925 1247; x_wconf 76' lang='lat' dir='ltr'><strong>quoi</strong></span> <span class='ocrx_word' id='word_1_21' title='bbox 937 1015 1114 1235; x_wconf 64' lang='lat' dir='ltr'><strong>obserlaat,</strong></span> <span class='ocrx_word' id='word_1_22' title='bbox 1133 1040 1307 1215; x_wconf 59' lang='lat' dir='ltr'><strong>lationem</strong></span> <span class='ocrx_word' id='word_1_23' title='bbox 1321 1127 1529 1217; x_wconf 71' lang='lat' dir='ltr'><strong>redditurae</strong></span> <span class='ocrx_word' id='word_1_24' title='bbox 1540 1130 1683 1243; x_wconf 64' lang='lat' dir='ltr'><strong>carisium</strong></span> <span class='ocrx_word' id='word_1_25' title='bbox 1690 1156 1767 1223; x_wconf 73' lang='lat' dir='ltr'><strong>m·</strong></span> <span class='ocrx_word' id='word_1_26' title='bbox 1783 1140 1877 1215; x_wconf 80' lang='lat' dir='ltr'><strong>Notio</strong></span> <span class='ocrx_word' id='word_1_27' title='bbox 1890 1143 1974 1221; x_wconf 76' lang='lat' dir='ltr'><strong>dcce-</strong></span> 
     </span>
     <span class='ocr_line' id='line_1_5' title="bbox 440 1242 1991 1371; baseline -0.002 -37"><span class='ocrx_word' id='word_1_28' title='bbox 440 1250 538 1334; x_wconf 80' lang='lat' dir='ltr'><strong>tnino</strong></span> <span class='ocrx_word' id='word_1_29' title='bbox 552 1243 753 1365; x_wconf 73' lang='lat' dir='ltr'><em>indigitat,</em></span> <span class='ocrx_word' id='word_1_30' title='bbox 781 1242 996 1326; x_wconf 71' lang='lat' dir='ltr'><strong>baccanum</strong></span> <span class='ocrx_word' id='word_1_31' title='bbox 1011 1273 1080 1327; x_wconf 85' lang='lat' dir='ltr'><strong>nnn</strong></span> <span class='ocrx_word' id='word_1_32' title='bbox 1094 1247 1340 1367; x_wconf 80' lang='lat' dir='ltr'><strong>aliamjungii</strong></span> <span class='ocrx_word' id='word_1_33' title='bbox 1354 1252 1526 1331; x_wconf 83' lang='lat' dir='ltr'><strong>notionem</strong></span> <span class='ocrx_word' id='word_1_34' title='bbox 1541 1277 1650 1371; x_wconf 85' lang='lat' dir='ltr'><strong>quam</strong></span> <span class='ocrx_word' id='word_1_35' title='bbox 1668 1252 1873 1361; x_wconf 53' lang='lat' dir='ltr'><strong>ejunptrix</strong></span> <span class='ocrx_word' id='word_1_36' title='bbox 1887 1250 1991 1345; x_wconf 66' lang='lat' dir='ltr'><strong>caula</strong></span> 
     </span>
     <span class='ocr_line' id='line_1_6' title="bbox 510 1354 1762 1485; baseline 0.004 -38"><span class='ocrx_word' id='word_1_37' title='bbox 510 1360 740 1465; x_wconf 71' lang='lat' dir='ltr'><strong>iobservan</strong></span> <span class='ocrx_word' id='word_1_38' title='bbox 756 1355 922 1462; x_wconf 68' lang='lat' dir='ltr'><strong>,tumstbi</strong></span> <span class='ocrx_word' id='word_1_39' title='bbox 936 1354 1082 1449; x_wconf 82' lang='lat' dir='ltr'><strong>uidetur</strong></span> <span class='ocrx_word' id='word_1_40' title='bbox 1095 1358 1226 1446; x_wconf 85' lang='lat' dir='ltr'><strong>babere</strong></span> <span class='ocrx_word' id='word_1_41' title='bbox 1247 1369 1420 1446; x_wconf 83' lang='lat' dir='ltr'><strong>notionem</strong></span> <span class='ocrx_word' id='word_1_42' title='bbox 1444 1376 1596 1449; x_wconf 85' lang='lat' dir='ltr'><strong>termino</strong></span> <span class='ocrx_word' id='word_1_43' title='bbox 1621 1366 1762 1485; x_wconf 87' lang='lat' dir='ltr'><strong>respon-</strong></span> 
     </span>
     <span class='ocr_line' id='line_1_7' title="bbox 440 1390 1764 1588; baseline 0.002 -22"><span class='ocrx_word' id='word_1_44' title='bbox 440 1390 601 1583; x_wconf 51' lang='lat' dir='ltr'><strong>glum,</strong></span> <span class='ocrx_word' id='word_1_45' title='bbox 618 1500 703 1560; x_wconf 82' lang='lat' dir='ltr'><strong>anu</strong></span> <span class='ocrx_word' id='word_1_46' title='bbox 718 1501 849 1559; x_wconf 79' lang='lat' dir='ltr'><strong>reuera</strong></span> <span class='ocrx_word' id='word_1_47' title='bbox 866 1503 897 1556; x_wconf 86' lang='lat' dir='ltr'><strong>u</strong></span> <span class='ocrx_word' id='word_1_48' title='bbox 910 1474 963 1577; x_wconf 80' lang='lat' dir='ltr'><strong>ſse</strong></span> <span class='ocrx_word' id='word_1_49' title='bbox 980 1482 1106 1561; x_wconf 76' lang='lat' dir='ltr'><strong>inanis.</strong></span> <span class='ocrx_word' id='word_1_50' title='bbox 1169 1472 1284 1581; x_wconf 85' lang='lat' dir='ltr'><strong>Ejus,</strong></span> <span class='ocrx_word' id='word_1_51' title='bbox 1301 1479 1409 1588; x_wconf 92' lang='lat' dir='ltr'><strong>quod</strong></span> <span class='ocrx_word' id='word_1_52' title='bbox 1424 1478 1679 1588; x_wconf 86' lang='lat' dir='ltr'><strong>observamus,</strong></span> <span class='ocrx_word' id='word_1_53' title='bbox 1688 1480 1764 1569; x_wconf 85' lang='lat' dir='ltr'><strong>five</strong></span> 
     </span>
     <span class='ocr_line' id='line_1_8' title="bbox 441 1588 1763 1709; baseline -0.002 -23"><span class='ocrx_word' id='word_1_54' title='bbox 441 1617 547 1686; x_wconf 81' lang='lat' dir='ltr'><strong>extra</strong></span> <span class='ocrx_word' id='word_1_55' title='bbox 563 1622 652 1697; x_wconf 74' lang='lat' dir='ltr'><strong>nos,</strong></span> <span class='ocrx_word' id='word_1_56' title='bbox 680 1588 811 1677; x_wconf 77' lang='lat' dir='ltr'><strong>sivein</strong></span> <span class='ocrx_word' id='word_1_57' title='bbox 828 1588 954 1695; x_wconf 87' lang='lat' dir='ltr'><strong>nobis,</strong></span> <span class='ocrx_word' id='word_1_58' title='bbox 982 1597 1184 1676; x_wconf 86' lang='lat' dir='ltr'><strong>notionem</strong></span> <span class='ocrx_word' id='word_1_59' title='bbox 1200 1588 1249 1678; x_wconf 90' lang='lat' dir='ltr'><strong>ali</strong></span> <span class='ocrx_word' id='word_1_60' title='bbox 1277 1620 1364 1675; x_wconf 83' lang='lat' dir='ltr'><strong>uam</strong></span> <span class='ocrx_word' id='word_1_61' title='bbox 1385 1592 1568 1681; x_wconf 85' lang='lat' dir='ltr'><strong>habemus</strong></span> <span class='ocrx_word' id='word_1_62' title='bbox 1582 1596 1640 1707; x_wconf 60' lang='lat' dir='ltr'><strong>(p.</strong></span> <span class='ocrx_word' id='word_1_63' title='bbox 1665 1600 1763 1709; x_wconf 82' lang='grc'>34.)</span> 
     </span>
     <span class='ocr_line' id='line_1_9' title="bbox 438 1621 1765 1823; baseline 0.002 -28"><span class='ocrx_word' id='word_1_64' title='bbox 438 1708 493 1805; x_wconf 85' lang='lat' dir='ltr'><strong>Et</strong></span> <span class='ocrx_word' id='word_1_65' title='bbox 508 1714 777 1823; x_wconf 69' lang='lat' dir='ltr'><strong>quoniame,</strong></span> <span class='ocrx_word' id='word_1_66' title='bbox 812 1734 895 1818; x_wconf 80' lang='lat' dir='ltr'><strong>qun</strong></span> <span class='ocrx_word' id='word_1_67' title='bbox 911 1707 993 1792; x_wconf 79' lang='lat' dir='ltr'><strong>lunt</strong></span> <span class='ocrx_word' id='word_1_68' title='bbox 1009 1706 1069 1789; x_wconf 90' lang='lat' dir='ltr'><strong>vel</strong></span> <span class='ocrx_word' id='word_1_69' title='bbox 1094 1709 1211 1813; x_wconf 84' lang='lat' dir='ltr'><strong>fiunt,</strong></span> <span class='ocrx_word' id='word_1_70' title='bbox 1248 1621 1310 1789; x_wconf 70' lang='lat' dir='ltr'><strong>lua</strong></span> <span class='ocrx_word' id='word_1_71' title='bbox 1333 1722 1419 1793; x_wconf 90' lang='lat' dir='ltr'><strong>non&#39;</strong></span> <span class='ocrx_word' id='word_1_72' title='bbox 1443 1710 1691 1799; x_wconf 84' lang='lat' dir='ltr'><strong>destituuntur</strong></span> <span class='ocrx_word' id='word_1_73' title='bbox 1707 1742 1765 1798; x_wconf 88' lang='lat' dir='ltr'><strong>ra·</strong></span> 
     </span>
    </p>
   </div>
   <div class='ocr_carea' id='block_1_4' title="bbox 438 1820 1762 2405">
    <p class='ocr_par' dir='ltr' id='par_1_4' title="bbox 438 1820 1762 2405">
     <span class='ocr_line' id='line_1_10' title="bbox 438 1820 1762 1939; baseline 0.002 -28"><span class='ocrx_word' id='word_1_74' title='bbox 438 1834 573 1931; x_wconf 88' lang='lat' dir='ltr'><strong>tione,</strong></span> <span class='ocrx_word' id='word_1_75' title='bbox 597 1826 699 1911; x_wconf 90' lang='lat' dir='ltr'><strong>unde</strong></span> <span class='ocrx_word' id='word_1_76' title='bbox 716 1820 949 1929; x_wconf 82' lang='lat' dir='ltr'><strong>intelligitur,</strong></span> <span class='ocrx_word' id='word_1_77' title='bbox 977 1822 1138 1929; x_wconf 80' lang='lat' dir='ltr'><strong>cursim,</strong></span> <span class='ocrx_word' id='word_1_78' title='bbox 1155 1823 1214 1907; x_wconf 87' lang='lat' dir='ltr'><strong>vel</strong></span> <span class='ocrx_word' id='word_1_79' title='bbox 1231 1826 1321 1906; x_wconf 85' lang='lat' dir='ltr'><strong>finnt</strong></span> <span class='ocrx_word' id='word_1_80' title='bbox 1337 1831 1393 1933; x_wconf 61' lang='lat' dir='ltr'><strong>(p.</strong></span> <span class='ocrx_word' id='word_1_81' title='bbox 1410 1849 1450 1931; x_wconf 84' lang='lat'>4</span> <span class='ocrx_word' id='word_1_82' title='bbox 1470 1831 1762 1939; x_wconf 77' lang='lat' dir='ltr'><strong>Diic.praelim.),</strong></span> 
     </span>
     <span class='ocr_line' id='line_1_11' title="bbox 444 1935 1761 2053; baseline 0.002 -28"><span class='ocrx_word' id='word_1_83' title='bbox 444 1970 517 2025; x_wconf 86' lang='lat' dir='ltr'><strong>ens</strong></span> <span class='ocrx_word' id='word_1_84' title='bbox 531 1935 627 2023; x_wconf 80' lang='lat' dir='ltr'><strong>vero</strong></span> <span class='ocrx_word' id='word_1_85' title='bbox 640 1944 841 2023; x_wconf 83' lang='lat' dir='ltr'><strong>continens</strong></span> <span class='ocrx_word' id='word_1_86' title='bbox 858 1940 964 2019; x_wconf 86' lang='lat' dir='ltr'><strong>istam</strong></span> <span class='ocrx_word' id='word_1_87' title='bbox 988 1942 1174 2021; x_wconf 83' lang='lat' dir='ltr'><strong>rationem</strong></span> <span class='ocrx_word' id='word_1_88' title='bbox 1213 1941 1318 2022; x_wconf 83' lang='lat' dir='ltr'><strong>caul&#39;a</strong></span> <span class='ocrx_word' id='word_1_89' title='bbox 1358 1940 1516 2036; x_wconf 78' lang='lat' dir='ltr'><strong>dicitur5</strong></span> <span class='ocrx_word' id='word_1_90' title='bbox 1549 1966 1650 2053; x_wconf 86' lang='lat' dir='ltr'><strong>patet</strong></span> <span class='ocrx_word' id='word_1_91' title='bbox 1686 1950 1761 2029; x_wconf 89' lang='lat' dir='ltr'><strong>uti-</strong></span> 
     </span>
     <span class='ocr_line' id='line_1_12' title="bbox 448 2052 1759 2168; baseline 0.005 -31"><span class='ocrx_word' id='word_1_92' title='bbox 448 2084 528 2168; x_wconf 87' lang='lat' dir='ltr'><strong>que</strong></span> <span class='ocrx_word' id='word_1_93' title='bbox 544 2054 690 2137; x_wconf 86' lang='lat' dir='ltr'><strong>causam</strong></span> <span class='ocrx_word' id='word_1_94' title='bbox 730 2052 892 2165; x_wconf 80' lang='lat' dir='ltr'><strong>aliquam</strong></span> <span class='ocrx_word' id='word_1_95' title='bbox 915 2058 998 2153; x_wconf 87' lang='lat' dir='ltr'><strong>ejus</strong></span> <span class='ocrx_word' id='word_1_96' title='bbox 1018 2054 1137 2135; x_wconf 81' lang='lat' dir='ltr'><strong>adeffe</strong></span> <span class='ocrx_word' id='word_1_97' title='bbox 1160 2055 1316 2161; x_wconf 87' lang='lat' dir='ltr'><strong>debere,</strong></span> <span class='ocrx_word' id='word_1_98' title='bbox 1339 2082 1452 2167; x_wconf 89' lang='lat' dir='ltr'><strong>quam</strong></span> <span class='ocrx_word' id='word_1_99' title='bbox 1479 2058 1575 2140; x_wconf 83' lang='lat' dir='ltr'><strong>adeo</strong></span> <span class='ocrx_word' id='word_1_100' title='bbox 1592 2066 1759 2147; x_wconf 82' lang='lat' dir='ltr'><strong>termino</strong></span> 
     </span>
     <span class='ocr_line' id='line_1_13' title="bbox 445 2166 1759 2289; baseline 0.003 -32"><span class='ocrx_word' id='word_1_101' title='bbox 445 2170 583 2283; x_wconf 78' lang='lat' dir='ltr'><strong>aliquo</strong></span> <span class='ocrx_word' id='word_1_102' title='bbox 612 2170 854 2284; x_wconf 77' lang='lat' dir='ltr'><strong>indigitamus.</strong></span> <span class='ocrx_word' id='word_1_103' title='bbox 912 2166 1104 2254; x_wconf 89' lang='lat' dir='ltr'><strong>Videmur</strong></span> <span class='ocrx_word' id='word_1_104' title='bbox 1148 2176 1264 2278; x_wconf 75' lang='lat' dir='ltr'><strong>igitur</strong></span> <span class='ocrx_word' id='word_1_105' title='bbox 1310 2169 1421 2255; x_wconf 89' lang='lat' dir='ltr'><strong>nobis</strong></span> <span class='ocrx_word' id='word_1_106' title='bbox 1437 2172 1576 2255; x_wconf 85' lang='lat' dir='ltr'><strong>habere</strong></span> <span class='ocrx_word' id='word_1_107' title='bbox 1591 2174 1759 2289; x_wconf 80' lang='lat' dir='ltr'><strong>aliquam</strong></span> 
     </span>
     <span class='ocr_line' id='line_1_14' title="bbox 442 2284 1757 2405; baseline 0.002 -32"><span class='ocrx_word' id='word_1_108' title='bbox 442 2292 652 2373; x_wconf 85' lang='lat' dir='ltr'><strong>notionem</strong></span> <span class='ocrx_word' id='word_1_109' title='bbox 667 2288 832 2389; x_wconf 81' lang='lat' dir='ltr'><strong>termini,</strong></span> <span class='ocrx_word' id='word_1_110' title='bbox 861 2284 968 2395; x_wconf 88' lang='lat' dir='ltr'><strong>quod</strong></span> <span class='ocrx_word' id='word_1_111' title='bbox 1011 2313 1151 2395; x_wconf 86' lang='lat' dir='ltr'>nempe</span> <span class='ocrx_word' id='word_1_112' title='bbox 1175 2287 1333 2373; x_wconf 84' lang='lat' dir='ltr'><strong>denotet</strong></span> <span class='ocrx_word' id='word_1_113' title='bbox 1356 2288 1619 2396; x_wconf 65' lang='lat' dir='ltr'><strong>excusamus,</strong></span> <span class='ocrx_word' id='word_1_114' title='bbox 1645 2291 1757 2405; x_wconf 86' lang='lat' dir='ltr'><strong>quod</strong></span> 
     </span>
    </p>
   </div>
   <div class='ocr_carea' id='block_1_5' title="bbox 427 2395 1756 3185">
    <p class='ocr_par' dir='ltr' id='par_1_5' title="bbox 427 2395 1756 3185">
     <span class='ocr_line' id='line_1_15' title="bbox 435 2395 1756 2515; baseline 0.004 -30"><span class='ocrx_word' id='word_1_115' title='bbox 435 2400 683 2488; x_wconf 71' lang='lat' dir='ltr'><strong>obstruamus</strong></span> <span class='ocrx_word' id='word_1_116' title='bbox 706 2402 772 2515; x_wconf 65' lang='grc' dir='ltr'><strong>(ς</strong></span> <span class='ocrx_word' id='word_1_117' title='bbox 783 2402 879 2509; x_wconf 83' lang='lat'><em>34).</em></span> <span class='ocrx_word' id='word_1_118' title='bbox 932 2395 1146 2489; x_wconf 79' lang='lat' dir='ltr'><strong>¹Euinuem</strong></span> <span class='ocrx_word' id='word_1_119' title='bbox 1173 2402 1267 2487; x_wconf 89' lang='lat' dir='ltr'><strong>dum</strong></span> <span class='ocrx_word' id='word_1_120' title='bbox 1284 2404 1367 2511; x_wconf 90' lang='lat' dir='ltr'><strong>quis</strong></span> <span class='ocrx_word' id='word_1_121' title='bbox 1384 2402 1529 2487; x_wconf 82' lang='lat' dir='ltr'><strong>eausam</strong></span> <span class='ocrx_word' id='word_1_122' title='bbox 1547 2404 1662 2511; x_wconf 71' lang='lat' dir='ltr'><strong>oid,</strong></span> <span class='ocrx_word' id='word_1_123' title='bbox 1676 2436 1756 2493; x_wconf 81' lang='lat' dir='ltr'><strong>¹tu·</strong></span> 
     </span>
     <span class='ocr_line' id='line_1_16' title="bbox 429 2515 1754 2629; baseline 0 -26"><span class='ocrx_word' id='word_1_124' title='bbox 429 2520 491 2621; x_wconf 79' lang='lat' dir='ltr'><strong>ius</strong></span> <span class='ocrx_word' id='word_1_125' title='bbox 512 2522 702 2600; x_wconf 86' lang='lat' dir='ltr'><strong>rationem</strong></span> <span class='ocrx_word' id='word_1_126' title='bbox 745 2516 903 2603; x_wconf 81' lang='lat' dir='ltr'>reddere</span> <span class='ocrx_word' id='word_1_127' title='bbox 944 2515 1075 2621; x_wconf 81' lang='lat' dir='ltr'><strong>debet,</strong></span> <span class='ocrx_word' id='word_1_128' title='bbox 1103 2517 1203 2603; x_wconf 88' lang='lat' dir='ltr'><strong>hica</strong></span> <span class='ocrx_word' id='word_1_129' title='bbox 1226 2520 1446 2600; x_wconf 73' lang='lat' dir='ltr'><strong>seinvicem</strong></span> <span class='ocrx_word' id='word_1_130' title='bbox 1462 2518 1655 2629; x_wconf 84' lang='lat' dir='ltr'><strong>distinguit</strong></span> <span class='ocrx_word' id='word_1_131' title='bbox 1668 2542 1754 2605; x_wconf 88' lang='lat' dir='ltr'><strong>tan·</strong></span> 
     </span>
     <span class='ocr_line' id='line_1_17' title="bbox 429 2632 1749 2747; baseline 0.005 -32"><span class='ocrx_word' id='word_1_132' title='bbox 429 2660 547 2747; x_wconf 81' lang='lat' dir='ltr'><strong>quam</strong></span> <span class='ocrx_word' id='word_1_133' title='bbox 564 2636 665 2717; x_wconf 84' lang='lat' dir='ltr'><strong>entia</strong></span> <span class='ocrx_word' id='word_1_134' title='bbox 709 2632 814 2737; x_wconf 81' lang='lat' dir='ltr'><strong>du0‚</strong></span> <span class='ocrx_word' id='word_1_135' title='bbox 838 2659 1009 2742; x_wconf 79' lang='lat' dir='ltr'><strong>quocum</strong></span> <span class='ocrx_word' id='word_1_136' title='bbox 1037 2661 1159 2715; x_wconf 89' lang='lat' dir='ltr'><strong>uuum</strong></span> <span class='ocrx_word' id='word_1_137' title='bbox 1203 2634 1363 2716; x_wconf 86' lang='lat' dir='ltr'><strong>alterum</strong></span> <span class='ocrx_word' id='word_1_138' title='bbox 1387 2659 1466 2714; x_wconf 92' lang='lat' dir='ltr'><strong>non</strong></span> <span class='ocrx_word' id='word_1_139' title='bbox 1482 2634 1556 2727; x_wconf 79' lang='lat' dir='ltr'><strong>est3</strong></span> <span class='ocrx_word' id='word_1_140' title='bbox 1581 2664 1664 2719; x_wconf 91' lang='lat' dir='ltr'><strong>non</strong></span> <span class='ocrx_word' id='word_1_141' title='bbox 1692 2659 1749 2720; x_wconf 87' lang='lat' dir='ltr'><strong>ta·</strong></span> 
     </span>
     <span class='ocr_line' id='line_1_18' title="bbox 430 2744 1746 2861; baseline 0.002 -27"><span class='ocrx_word' id='word_1_142' title='bbox 430 2776 521 2834; x_wconf 89' lang='lat' dir='ltr'><strong>men</strong></span> <span class='ocrx_word' id='word_1_143' title='bbox 536 2744 608 2833; x_wconf 80' lang='lat' dir='ltr'><strong>nili</strong></span> <span class='ocrx_word' id='word_1_144' title='bbox 626 2752 741 2831; x_wconf 86' lang='lat' dir='ltr'><strong>unius</strong></span> <span class='ocrx_word' id='word_1_145' title='bbox 756 2752 958 2829; x_wconf 87' lang='lat' dir='ltr'><strong>notionem</strong></span> <span class='ocrx_word' id='word_1_146' title='bbox 972 2746 1106 2851; x_wconf 75' lang='lat' dir='ltr'><strong>habet,</strong></span> <span class='ocrx_word' id='word_1_147' title='bbox 1128 2776 1265 2859; x_wconf 85' lang='lat' dir='ltr'>nempe</span> <span class='ocrx_word' id='word_1_148' title='bbox 1289 2752 1390 2853; x_wconf 71' lang='lat' dir='ltr'><strong>eius,</strong></span> <span class='ocrx_word' id='word_1_149' title='bbox 1424 2751 1534 2861; x_wconf 90' lang='lat' dir='ltr'><strong>quod</strong></span> <span class='ocrx_word' id='word_1_150' title='bbox 1554 2750 1746 2859; x_wconf 64' lang='lat' dir='ltr'><strong>observat:</strong></span> 
     </span>
     <span class='ocr_line' id='line_1_19' title="bbox 427 2860 1751 2974; baseline 0.002 -25"><span class='ocrx_word' id='word_1_151' title='bbox 427 2865 566 2971; x_wconf 82' lang='lat' dir='ltr'><strong>eausa,</strong></span> <span class='ocrx_word' id='word_1_152' title='bbox 592 2866 704 2967; x_wconf 80' lang='lat' dir='ltr'><strong>euius</strong></span> <span class='ocrx_word' id='word_1_153' title='bbox 720 2860 787 2948; x_wconf 81' lang='lat' dir='ltr'><strong>fibi</strong></span> <span class='ocrx_word' id='word_1_154' title='bbox 803 2862 966 2974; x_wconf 77' lang='lat' dir='ltr'><strong>aliquam</strong></span> <span class='ocrx_word' id='word_1_155' title='bbox 1010 2869 1211 2947; x_wconf 85' lang='lat' dir='ltr'><strong>notionem</strong></span> <span class='ocrx_word' id='word_1_156' title='bbox 1256 2862 1395 2949; x_wconf 80' lang='lat' dir='ltr'><strong>habere</strong></span> <span class='ocrx_word' id='word_1_157' title='bbox 1420 2864 1588 2972; x_wconf 82' lang='lat' dir='ltr'><strong>videtur,</strong></span> <span class='ocrx_word' id='word_1_158' title='bbox 1621 2892 1751 2951; x_wconf 83' lang='lat' dir='ltr'><strong>revera</strong></span> 
     </span>
     <span class='ocr_line' id='line_1_20' title="bbox 429 2972 1748 3099; baseline 0.001 -32"><span class='ocrx_word' id='word_1_159' title='bbox 429 2978 575 3067; x_wconf 88' lang='lat' dir='ltr'><strong>nullam</strong></span> <span class='ocrx_word' id='word_1_160' title='bbox 590 2978 720 3070; x_wconf 72' lang='lat' dir='ltr'><strong>habet,</strong></span> <span class='ocrx_word' id='word_1_161' title='bbox 790 2976 839 3064; x_wconf 85' lang='lat' dir='ltr'>T</span> <span class='ocrx_word' id='word_1_162' title='bbox 839 2984 1006 3066; x_wconf 88' lang='lat' dir='ltr'><strong>erminus</strong></span> <span class='ocrx_word' id='word_1_163' title='bbox 1042 2984 1188 3098; x_wconf 75' lang='lat' dir='ltr'><strong>itaque,</strong></span> <span class='ocrx_word' id='word_1_164' title='bbox 1218 3009 1298 3099; x_wconf 89' lang='lat' dir='ltr'><strong>quo</strong></span> <span class='ocrx_word' id='word_1_165' title='bbox 1342 3008 1428 3068; x_wconf 80' lang='lat' dir='ltr'><strong>cam</strong></span> <span class='ocrx_word' id='word_1_166' title='bbox 1443 2972 1639 3092; x_wconf 78' lang='lat' dir='ltr'><strong>indigitat,</strong></span> <span class='ocrx_word' id='word_1_167' title='bbox 1667 2990 1748 3076; x_wconf 88' lang='lat' dir='ltr'><strong>ina·</strong></span> 
     </span>
     <span class='ocr_line' id='line_1_21' title="bbox 427 3100 1363 3185; baseline 0.003 0"><span class='ocrx_word' id='word_1_168' title='bbox 427 3102 485 3185; x_wconf 81' lang='lat' dir='ltr'><strong>nis</strong></span> <span class='ocrx_word' id='word_1_169' title='bbox 501 3100 565 3185; x_wconf 78' lang='lat' dir='ltr'><strong>est,</strong></span> <span class='ocrx_word' id='word_1_170' title='bbox 1355 3116 1363 3135; x_wconf 88' lang='lat'>&#39;</span> 
     </span>
    </p>
   </div>
   <div class='ocr_carea' id='block_1_6' title="bbox 465 3238 1831 5051">
    <p class='ocr_par' dir='ltr' id='par_1_6' title="bbox 475 3238 1750 3449">
     <span class='ocr_line' id='line_1_22' title="bbox 529 3238 1750 3349; baseline 0 -24"><span class='ocrx_word' id='word_1_171' title='bbox 529 3241 863 3347; x_wconf 68' lang='lat' dir='ltr'><strong>Egn0hservamue</strong></span> <span class='ocrx_word' id='word_1_172' title='bbox 870 3238 1192 3333; x_wconf 82' lang='lat' dir='ltr'><strong>ferrumamagnete</strong></span> <span class='ocrx_word' id='word_1_173' title='bbox 1201 3246 1322 3317; x_wconf 84' lang='lat' dir='ltr'><strong>attrahi</strong></span> <span class='ocrx_word' id='word_1_174' title='bbox 1331 3250 1467 3347; x_wconf 80' lang='lat' dir='ltr'><strong>ejusque</strong></span> <span class='ocrx_word' id='word_1_175' title='bbox 1475 3248 1557 3349; x_wconf 87' lang='lat' dir='ltr'><strong>polo</strong></span> <span class='ocrx_word' id='word_1_176' title='bbox 1566 3248 1750 3325; x_wconf 78' lang='lat' dir='ltr'><strong>adhaerere.¹</strong></span> 
     </span>
     <span class='ocr_line' id='line_1_23' title="bbox 475 3340 1745 3449; baseline -0.002 -22"><span class='ocrx_word' id='word_1_177' title='bbox 475 3356 675 3427; x_wconf 76' lang='lat' dir='ltr'><strong>Notionem</strong></span> <span class='ocrx_word' id='word_1_178' title='bbox 692 3346 856 3422; x_wconf 74' lang='lat' dir='ltr'><strong>habemus</strong></span> <span class='ocrx_word' id='word_1_179' title='bbox 869 3345 972 3441; x_wconf 80' lang='lat' dir='ltr'><strong>hujus</strong></span> <span class='ocrx_word' id='word_1_180' title='bbox 989 3340 1210 3434; x_wconf 71' lang='lat' dir='ltr'><strong>attrastionie,</strong></span> <span class='ocrx_word' id='word_1_181' title='bbox 1239 3372 1406 3445; x_wconf 79' lang='lat' dir='ltr'><strong>quatenus</strong></span> <span class='ocrx_word' id='word_1_182' title='bbox 1431 3350 1477 3422; x_wconf 86' lang='lat' dir='ltr'><strong>est</strong></span> <span class='ocrx_word' id='word_1_183' title='bbox 1492 3352 1745 3449; x_wconf 84' lang='lat' dir='ltr'><strong>phaenomenon</strong></span> 
     </span>
    </p>

    <p class='ocr_par' dir='ltr' id='par_1_7' title="bbox 465 3442 1831 5051">
     <span class='ocr_line' id='line_1_24' title="bbox 507 3442 1831 3549; baseline -0.002 -22"><span class='ocrx_word' id='word_1_184' title='bbox 507 3444 1012 3527; x_wconf 73' lang='lat' dir='ltr'><strong>uodicmseueffetlusnaturae.</strong></span> <span class='ocrx_word' id='word_1_185' title='bbox 1037 3442 1156 3519; x_wconf 82' lang='lat' dir='ltr'><strong>Adclle</strong></span> <span class='ocrx_word' id='word_1_186' title='bbox 1171 3446 1294 3519; x_wconf 87' lang='lat' dir='ltr'><strong>dehere</strong></span> <span class='ocrx_word' id='word_1_187' title='bbox 1308 3451 1525 3549; x_wconf 79' lang='lat' dir='ltr'><strong>phanomeni</strong></span> <span class='ocrx_word' id='word_1_188' title='bbox 1550 3452 1650 3545; x_wconf 86' lang='lat' dir='ltr'><strong>hujus</strong></span> <span class='ocrx_word' id='word_1_189' title='bbox 1665 3478 1741 3525; x_wconf 86' lang='lat' dir='ltr'><strong>cau·</strong></span> <span class='ocrx_word' id='word_1_190' title='bbox 1825 3449 1831 3469; x_wconf 72' lang='lat'>⁸</span> 
     </span>
     <span class='ocr_line' id='line_1_25' title="bbox 477 3480 1740 3650; baseline -0.006 -18"><span class='ocrx_word' id='word_1_191' title='bbox 477 3480 561 3645; x_wconf 56' lang='lat' dir='ltr'><strong>zm,</strong></span> <span class='ocrx_word' id='word_1_192' title='bbox 576 3558 710 3629; x_wconf 82' lang='lat' dir='ltr'><strong>ratione</strong></span> <span class='ocrx_word' id='word_1_193' title='bbox 725 3551 970 3623; x_wconf 82' lang='lat' dir='ltr'><strong>convincimur.</strong></span> <span class='ocrx_word' id='word_1_194' title='bbox 1020 3550 1106 3621; x_wconf 85' lang='lat' dir='ltr'><strong>Eam</strong></span> <span class='ocrx_word' id='word_1_195' title='bbox 1119 3546 1180 3619; x_wconf 79' lang='lat' dir='ltr'><strong>etsi</strong></span> <span class='ocrx_word' id='word_1_196' title='bbox 1195 3548 1303 3621; x_wconf 88' lang='lat' dir='ltr'><strong>adhuc</strong></span> <span class='ocrx_word' id='word_1_197' title='bbox 1319 3556 1506 3642; x_wconf 78' lang='lat' dir='ltr'><strong>ignoratam</strong></span> <span class='ocrx_word' id='word_1_198' title='bbox 1523 3554 1740 3650; x_wconf 80' lang='lat' dir='ltr'><strong>anticipando</strong></span> 
     </span>
     <span class='ocr_line' id='line_1_26' title="bbox 477 3646 1740 3753; baseline -0.001 -23"><span class='ocrx_word' id='word_1_199' title='bbox 477 3660 629 3739; x_wconf 76' lang='lat' dir='ltr'><strong>termino</strong></span> <span class='ocrx_word' id='word_1_200' title='bbox 639 3654 787 3753; x_wconf 85' lang='lat' dir='ltr'><strong>quodam</strong></span> <span class='ocrx_word' id='word_1_201' title='bbox 794 3650 972 3745; x_wconf 82' lang='lat' dir='ltr'><strong>indigitare</strong></span> <span class='ocrx_word' id='word_1_202' title='bbox 986 3646 1063 3723; x_wconf 88' lang='lat' dir='ltr'><strong>licet</strong></span> <span class='ocrx_word' id='word_1_203' title='bbox 1088 3648 1136 3746; x_wconf 85' lang='lat'><strong>(§.</strong></span> <span class='ocrx_word' id='word_1_204' title='bbox 1151 3652 1231 3747; x_wconf 82' lang='lat'>37.).</span> <span class='ocrx_word' id='word_1_205' title='bbox 1286 3652 1378 3726; x_wconf 87' lang='lat' dir='ltr'><strong>Solet</strong></span> <span class='ocrx_word' id='word_1_206' title='bbox 1392 3658 1504 3751; x_wconf 84' lang='lat' dir='ltr'><strong>itaque</strong></span> <span class='ocrx_word' id='word_1_207' title='bbox 1514 3654 1740 3753; x_wconf 75' lang='lat' dir='ltr'><strong>appellativis</strong></span> 
     </span>
     <span class='ocr_line' id='line_1_27' title="bbox 466 3749 1738 3853; baseline 0 -22"><span class='ocrx_word' id='word_1_208' title='bbox 466 3758 668 3842; x_wconf 64' lang='lat' dir='ltr'><strong>airaiirix.</strong></span> <span class='ocrx_word' id='word_1_209' title='bbox 695 3758 770 3853; x_wconf 81' lang='lat' dir='ltr'><strong>Jam</strong></span> <span class='ocrx_word' id='word_1_210' title='bbox 785 3750 809 3825; x_wconf 77' lang='lat' dir='ltr'>fi</span> <span class='ocrx_word' id='word_1_211' title='bbox 824 3756 899 3851; x_wconf 86' lang='lat' dir='ltr'><strong>quis</strong></span> <span class='ocrx_word' id='word_1_212' title='bbox 907 3755 1081 3826; x_wconf 85' lang='lat' dir='ltr'><strong>notionem</strong></span> <span class='ocrx_word' id='word_1_213' title='bbox 1090 3750 1305 3849; x_wconf 87' lang='lat' dir='ltr'><strong>phaenomcni</strong></span> <span class='ocrx_word' id='word_1_214' title='bbox 1321 3749 1376 3827; x_wconf 87' lang='lat' dir='ltr'><strong>seu</strong></span> <span class='ocrx_word' id='word_1_215' title='bbox 1392 3751 1532 3827; x_wconf 68' lang='lat' dir='ltr'><strong>effestua</strong></span> <span class='ocrx_word' id='word_1_216' title='bbox 1548 3782 1566 3827; x_wconf 88' lang='lat' dir='ltr'><strong>a</strong></span> <span class='ocrx_word' id='word_1_217' title='bbox 1579 3750 1612 3828; x_wconf 88' lang='lat' dir='ltr'><strong>se</strong></span> <span class='ocrx_word' id='word_1_218' title='bbox 1626 3752 1738 3831; x_wconf 79' lang='lat' dir='ltr'><strong>obser·</strong></span> 
     </span>
     <span class='ocr_line' id='line_1_28' title="bbox 470 3848 1740 3959; baseline -0.008 -22"><span class='ocrx_word' id='word_1_219' title='bbox 470 3868 545 3938; x_wconf 81' lang='lat' dir='ltr'><strong>vati</strong></span> <span class='ocrx_word' id='word_1_220' title='bbox 558 3854 720 3933; x_wconf 84' lang='lat' dir='ltr'><strong>transfert</strong></span> <span class='ocrx_word' id='word_1_221' title='bbox 736 3856 777 3927; x_wconf 88' lang='lat' dir='ltr'><strong>ad</strong></span> <span class='ocrx_word' id='word_1_222' title='bbox 792 3848 921 3931; x_wconf 79' lang='lat' dir='ltr'><strong>caulam</strong></span> <span class='ocrx_word' id='word_1_223' title='bbox 936 3876 1080 3949; x_wconf 85' lang='lat' dir='ltr'><strong>eamque</strong></span> <span class='ocrx_word' id='word_1_224' title='bbox 1100 3850 1285 3925; x_wconf 75' lang='lat' dir='ltr'><strong>conlideiat</strong></span> <span class='ocrx_word' id='word_1_225' title='bbox 1300 3882 1363 3959; x_wconf 87' lang='lat' dir='ltr'><strong>per</strong></span> <span class='ocrx_word' id='word_1_226' title='bbox 1382 3857 1524 3937; x_wconf 87' lang='lat' dir='ltr'><strong>modum</strong></span> <span class='ocrx_word' id='word_1_227' title='bbox 1537 3861 1684 3932; x_wconf 84' lang='lat' dir='ltr'><strong>entitatis</strong></span> <span class='ocrx_word' id='word_1_228' title='bbox 1702 3864 1740 3934; x_wconf 85' lang='lat' dir='ltr'><strong>in</strong></span> 
     </span>
     <span class='ocr_line' id='line_1_29' title="bbox 467 3952 1742 4155; baseline -0.007 -13"><span class='ocrx_word' id='word_1_229' title='bbox 467 3952 1742 4155; x_wconf 55' lang='lat' dir='ltr'><strong>{iil‘ilillil?&#39;&#39;iilllliisslliillilllfflilill‘·</strong></span> 
     </span>
     <span class='ocr_line' id='line_1_30' title="bbox 467 4120 1736 4263; baseline -0.003 -24"><span class='ocrx_word' id='word_1_230' title='bbox 467 4196 550 4245; x_wconf 86' lang='lat' dir='ltr'><strong>cum</strong></span> <span class='ocrx_word' id='word_1_231' title='bbox 566 4120 682 4239; x_wconf 66' lang='lat' dir='ltr'><strong>lamen</strong></span> <span class='ocrx_word' id='word_1_232' title='bbox 695 4162 824 4233; x_wconf 89' lang='lat' dir='ltr'><strong>nullam</strong></span> <span class='ocrx_word' id='word_1_233' title='bbox 839 4160 976 4245; x_wconf 86' lang='lat' dir='ltr'><strong>habeat,</strong></span> <span class='ocrx_word' id='word_1_234' title='bbox 1007 4156 1157 4256; x_wconf 75' lang='lat' dir='ltr'><strong>adeoque</strong></span> <span class='ocrx_word' id='word_1_235' title='bbox 1175 4168 1227 4231; x_wconf 80' lang='lat' dir='ltr'><strong>vis</strong></span> <span class='ocrx_word' id='word_1_236' title='bbox 1249 4160 1306 4231; x_wconf 88' lang='lat' dir='ltr'><strong>illa</strong></span> <span class='ocrx_word' id='word_1_237' title='bbox 1317 4164 1500 4236; x_wconf 71' lang='lat' dir='ltr'><strong>attrac‘irix</strong></span> <span class='ocrx_word' id='word_1_238' title='bbox 1513 4175 1674 4263; x_wconf 80' lang='lat' dir='ltr'><strong>magnetis</strong></span> <span class='ocrx_word' id='word_1_239' title='bbox 1688 4162 1736 4235; x_wconf 92' lang='lat' dir='ltr'><strong>est</strong></span> 
     </span>
     <span class='ocr_line' id='line_1_31' title="bbox 467 4259 1736 4363; baseline -0.005 -21"><span class='ocrx_word' id='word_1_240' title='bbox 467 4276 642 4349; x_wconf 68' lang='lat' dir='ltr'><strong>caminus</strong></span> <span class='ocrx_word' id='word_1_241' title='bbox 655 4268 764 4339; x_wconf 80' lang='lat' dir='ltr'><strong>inanis</strong></span> <span class='ocrx_word' id='word_1_242' title='bbox 792 4268 844 4355; x_wconf 55' lang='grc' dir='ltr'><strong>(ῥ’.</strong></span> <span class='ocrx_word' id='word_1_243' title='bbox 859 4270 950 4357; x_wconf 81' lang='grc'>38.),</span> <span class='ocrx_word' id='word_1_244' title='bbox 975 4260 1080 4357; x_wconf 85' lang='lat' dir='ltr'><strong>&amp;qui</strong></span> <span class='ocrx_word' id='word_1_245' title='bbox 1098 4285 1173 4331; x_wconf 86' lang='lat' dir='ltr'><strong>eam</strong></span> <span class='ocrx_word' id='word_1_246' title='bbox 1188 4259 1310 4355; x_wconf 86' lang='lat' dir='ltr'><strong>allegat</strong></span> <span class='ocrx_word' id='word_1_247' title='bbox 1317 4286 1421 4363; x_wconf 88' lang='lat' dir='ltr'><strong>tanqu</strong></span> <span class='ocrx_word' id='word_1_248' title='bbox 1429 4292 1472 4339; x_wconf 86' lang='lat' dir='ltr'><strong>nn</strong></span> <span class='ocrx_word' id='word_1_249' title='bbox 1482 4260 1610 4338; x_wconf 82' lang='lat' dir='ltr'><strong>causam</strong></span> <span class='ocrx_word' id='word_1_250' title='bbox 1621 4288 1736 4337; x_wconf 80' lang='lat' dir='ltr'><strong>motus</strong></span> 
     </span>
     <span class='ocr_line' id='line_1_32' title="bbox 465 4360 1735 4463; baseline -0.002 -24"><span class='ocrx_word' id='word_1_251' title='bbox 465 4369 553 4451; x_wconf 67' lang='lat' dir='ltr'><strong>ferri</strong></span> <span class='ocrx_word' id='word_1_252' title='bbox 568 4369 612 4445; x_wconf 78' lang='lat' dir='ltr'><strong>ad</strong></span> <span class='ocrx_word' id='word_1_253' title='bbox 627 4390 818 4463; x_wconf 78' lang='lat' dir='ltr'><strong>magnetem</strong></span> <span class='ocrx_word' id='word_1_254' title='bbox 834 4388 933 4460; x_wconf 84' lang='lat' dir='ltr'><strong>atque</strong></span> <span class='ocrx_word' id='word_1_255' title='bbox 946 4385 1070 4437; x_wconf 80' lang='lat' dir='ltr'><strong>mutuae</strong></span> <span class='ocrx_word' id='word_1_256' title='bbox 1085 4360 1295 4453; x_wconf 82' lang='lat' dir='ltr'><strong>adhaefionie,</strong></span> <span class='ocrx_word' id='word_1_257' title='bbox 1327 4364 1384 4437; x_wconf 89' lang='lat' dir='ltr'><strong>dat</strong></span> <span class='ocrx_word' id='word_1_258' title='bbox 1404 4366 1470 4442; x_wconf 82' lang='lat' dir='ltr'><strong>fine</strong></span> <span class='ocrx_word' id='word_1_259' title='bbox 1492 4390 1606 4439; x_wconf 90' lang='lat' dir='ltr'><strong>mente</strong></span> <span class='ocrx_word' id='word_1_260' title='bbox 1625 4360 1735 4437; x_wconf 76' lang='lat' dir='ltr'><strong>sonos.</strong></span> 
     </span>
     <span class='ocr_line' id='line_1_33' title="bbox 467 4459 1731 4568; baseline -0.011 -17"><span class='ocrx_word' id='word_1_261' title='bbox 467 4468 665 4551; x_wconf 77' lang='lat' dir='ltr'><strong>illiusmodi</strong></span> <span class='ocrx_word' id='word_1_262' title='bbox 685 4462 883 4541; x_wconf 80' lang='lat' dir='ltr'><strong>notionibus</strong></span> <span class='ocrx_word' id='word_1_263' title='bbox 899 4462 1143 4562; x_wconf 83' lang='lat' dir='ltr'><strong>deceptricibus</strong></span> <span class='ocrx_word' id='word_1_264' title='bbox 1165 4459 1267 4536; x_wconf 85' lang='lat' dir='ltr'><strong>scatet</strong></span> <span class='ocrx_word' id='word_1_265' title='bbox 1289 4462 1504 4568; x_wconf 86' lang='lat' dir='ltr'><strong>philosophia</strong></span> <span class='ocrx_word' id='word_1_266' title='bbox 1526 4464 1731 4555; x_wconf 83' lang='lat' dir='ltr'><strong>scholastica,</strong></span> 
     </span>
     <span class='ocr_line' id='line_1_34' title="bbox 496 4560 1731 4671; baseline -0.01 -22"><span class='ocrx_word' id='word_1_267' title='bbox 496 4571 655 4652; x_wconf 73' lang='lat' dir='ltr'><strong>relertim</strong></span> <span class='ocrx_word' id='word_1_268' title='bbox 672 4568 827 4671; x_wconf 64' lang='lat' dir='ltr'><strong>Physica:</strong></span> <span class='ocrx_word' id='word_1_269' title='bbox 853 4566 939 4639; x_wconf 85' lang='lat' dir='ltr'><strong>nihil</strong></span> <span class='ocrx_word' id='word_1_270' title='bbox 954 4569 1043 4639; x_wconf 87' lang='lat' dir='ltr'><strong>enim</strong></span> <span class='ocrx_word' id='word_1_271' title='bbox 1060 4560 1271 4669; x_wconf 79' lang='lat' dir='ltr'><strong>frequentius</strong></span> <span class='ocrx_word' id='word_1_272' title='bbox 1279 4566 1333 4657; x_wconf 86' lang='lat' dir='ltr'><strong>est,</strong></span> <span class='ocrx_word' id='word_1_273' title='bbox 1342 4595 1443 4667; x_wconf 89' lang='lat' dir='ltr'><strong>quam</strong></span> <span class='ocrx_word' id='word_1_274' title='bbox 1459 4593 1498 4641; x_wconf 90' lang='lat' dir='ltr'><strong>ut</strong></span> <span class='ocrx_word' id='word_1_275' title='bbox 1512 4562 1640 4642; x_wconf 88' lang='lat' dir='ltr'><strong>causam</strong></span> <span class='ocrx_word' id='word_1_276' title='bbox 1650 4562 1731 4638; x_wconf 88' lang='lat' dir='ltr'><strong>effe·</strong></span> 
     </span>
     <span class='ocr_line' id='line_1_35' title="bbox 469 4606 1730 4773; baseline -0.008 -24"><span class='ocrx_word' id='word_1_277' title='bbox 469 4606 796 4759; x_wconf 65' lang='lat' dir='ltr'><strong>hocseobservni,</strong></span> <span class='ocrx_word' id='word_1_278' title='bbox 807 4673 1082 4773; x_wconf 83' lang='lat' dir='ltr'><strong>quamignorant‚</strong></span> <span class='ocrx_word' id='word_1_279' title='bbox 1096 4670 1243 4741; x_wconf 83' lang='lat' dir='ltr'><strong>termino</strong></span> <span class='ocrx_word' id='word_1_280' title='bbox 1258 4668 1371 4768; x_wconf 88' lang='lat' dir='ltr'><strong>aliquo</strong></span> <span class='ocrx_word' id='word_1_281' title='bbox 1386 4670 1565 4763; x_wconf 86' lang='lat' dir='ltr'><strong>indigitent</strong></span> <span class='ocrx_word' id='word_1_282' title='bbox 1583 4668 1616 4739; x_wconf 77' lang='lat' dir='ltr'><strong>u</strong></span> <span class='ocrx_word' id='word_1_283' title='bbox 1631 4670 1730 4740; x_wconf 87' lang='lat' dir='ltr'><strong>ratio·</strong></span> 
     </span>
     <span class='ocr_line' id='line_1_36' title="bbox 474 4768 1730 4865; baseline -0.006 -16"><span class='ocrx_word' id='word_1_284' title='bbox 474 4804 551 4855; x_wconf 84' lang='lat' dir='ltr'><strong>nem</strong></span> <span class='ocrx_word' id='word_1_285' title='bbox 560 4772 705 4855; x_wconf 76' lang='lat' dir='ltr'><strong>effestua</strong></span> <span class='ocrx_word' id='word_1_286' title='bbox 718 4774 881 4849; x_wconf 80' lang='lat' dir='ltr'><strong>reddituri</strong></span> <span class='ocrx_word' id='word_1_287' title='bbox 896 4774 1080 4843; x_wconf 84' lang='lat' dir='ltr'><strong>terminum</strong></span> <span class='ocrx_word' id='word_1_288' title='bbox 1093 4768 1192 4851; x_wconf 82' lang='lat' dir='ltr'><strong>istum</strong></span> <span class='ocrx_word' id='word_1_289' title='bbox 1206 4770 1358 4865; x_wconf 86' lang='lat' dir='ltr'><strong>allegent.</strong></span> <span class='ocrx_word' id='word_1_290' title='bbox 1409 4775 1665 4844; x_wconf 86' lang='lat' dir='ltr'><strong>Cuminrerum</strong></span> <span class='ocrx_word' id='word_1_291' title='bbox 1674 4795 1730 4841; x_wconf 85' lang='lat' dir='ltr'><strong>na·</strong></span> 
     </span>
     <span class='ocr_line' id='line_1_37' title="bbox 471 4868 1732 4977; baseline -0.013 -16"><span class='ocrx_word' id='word_1_292' title='bbox 471 4906 542 4961; x_wconf 79' lang='lat' dir='ltr'><strong>tun</strong></span> <span class='ocrx_word' id='word_1_293' title='bbox 551 4875 698 4961; x_wconf 71' lang='lat' dir='ltr'><strong>effestut</strong></span> <span class='ocrx_word' id='word_1_294' title='bbox 704 4900 794 4955; x_wconf 81' lang='lat' dir='ltr'><strong>unua</strong></span> <span class='ocrx_word' id='word_1_295' title='bbox 804 4874 842 4953; x_wconf 84' lang='lat' dir='ltr'><strong>lit</strong></span> <span class='ocrx_word' id='word_1_296' title='bbox 849 4870 941 4951; x_wconf 85' lang='lat' dir='ltr'><strong>causa</strong></span> <span class='ocrx_word' id='word_1_297' title='bbox 957 4872 1093 4951; x_wconf 84' lang='lat' dir='ltr'><strong>alterius</strong></span> <span class='ocrx_word' id='word_1_298' title='bbox 1109 4868 1265 4967; x_wconf 70' lang='lat' dir='ltr'><strong>effeiiu‘s,</strong></span> <span class='ocrx_word' id='word_1_299' title='bbox 1288 4872 1323 4945; x_wconf 90' lang='lat' dir='ltr'><strong>id</strong></span> <span class='ocrx_word' id='word_1_300' title='bbox 1337 4872 1430 4975; x_wconf 85' lang='lat' dir='ltr'><strong>quod</strong></span> <span class='ocrx_word' id='word_1_301' title='bbox 1444 4870 1577 4977; x_wconf 26' lang='lat' dir='ltr'><strong>hiel-vel</strong></span> <span class='ocrx_word' id='word_1_302' title='bbox 1600 4874 1732 4971; x_wconf 85' lang='lat' dir='ltr'><strong>experi-</strong></span> 
     </span>
     <span class='ocr_line' id='line_1_38' title="bbox 1075 4976 1735 5051; baseline -0.003 0"><span class='ocrx_word' id='word_1_303' title='bbox 1075 4978 1105 5051; x_wconf 93' lang='lat' dir='ltr'><strong>Z</strong></span> <span class='ocrx_word' id='word_1_304' title='bbox 1129 4995 1150 5046; x_wconf 85' lang='lat'><em>2</em></span> <span class='ocrx_word' id='word_1_305' title='bbox 1644 4976 1735 5050; x_wconf 83' lang='lat' dir='ltr'><strong>entia</strong></span> 
     </span>
    </p>
   </div>
   <div class='ocr_carea' id='block_1_7' title="bbox 0 0 2433 5634">
    <p class='ocr_par' dir='ltr' id='par_1_8' title="bbox 0 0 2433 5634">
     <span class='ocr_line' id='line_1_39' title="bbox 0 0 2433 5634; baseline 0 0"><span class='ocrx_word' id='word_1_306' title='bbox 0 0 2433 5634; x_wconf 95' lang='lat' dir='ltr'><strong> </strong></span> 
     </span>
    </p>
   </div>
  </div>
 </body>
</html>
