4834 5634
667 381 790 497 740
970 346 1118 455 Part.
1139 348 1205 455 II.
1222 348 1335 454 Seri.
1347 348 1566 489 IV.·Cap.
1587 352 1673 459 Il

724 576 858 651 srrioner
875 573 1001 648 nostras
1011 575 1354 674 interpretarinolunt
1364 576 1410 671 (§.
1419 582 1541 673 904),
1557 575 1846 677 quemadmodum
1857 582 1894 651 in
1907 576 1985 654 seri·

719 701 781 779 pto
789 673 968 750 scientifico
978 674 1052 751 fieri
1061 674 1186 749 necelle
1195 674 1299 771 est(§.
1310 701 1378 768 9¹0·
1388 681 1411 768 ).
1463 680 1700 773 Logomaehiae
1716 704 1831 753 tamen
1849 685 1907 770 iis,
1924 685 1983 779 qui

719 776 835 954 ffia
848 798 970 950 arrupte
986 777 1139 872 legerunt
1154 780 1187 851 ἃ
1201 776 1368 853 intellesta
1382 788 1554 857 memoria
1569 784 1781 875 mandarunt,
1797 780 1912 859 statim
1919 810 1985 857 mr-

823 909 850 956 π
863 906 922 957 eva
949 903 1015 952 unt.

1223 985 1255 1091 p.
1326 1010 1426 1092 1032.

426 1147 653 1248 Aarcsuratt‘rss
821 1130 864 1213 Si
879 1136 958 1243 quir
973 1126 1090 1215 verdit
1104 1137 1279 1212 rrotirrrem
1299 1130 1639 1241 poffibilrmjungit‚
1658 1127 1786 1242 quibus
1800 1136 1913 1243 vulgo
1928 1141 1994 1216 inr-

428 1250 657 1345 nilacurfirab·¹
668 1234 840 1356 poffibilir
855 1246 1059 1353 responden
1087 1257 1121 1328 ir
1136 1249 1294 1354 equidem
1315 1249 1473 1348 refirtarr'
1495 1273 1637 1359 nequit,
1661 1251 1843 1329 admoneri
1873 1276 1992 1331 tamea

431 1359 595 1424 incommo-
668 1362 792 1477 potest,
809 1366 1045 1442 ardeatinam
1069 1371 1233 1469 corrrgat.
1290 1355 1447 1439 Etenim
1472 1358 1638 1443 slverbis
1660 1356 1770 1445 notio
1800 1363 1988 1473 poffibilis

430 1452 627 1527 iamim·
674 1475 887 1583 respondet,
904 1475 1115 1586 propositio
1132 1503 1182 1556 ex
1198 1479 1245 1557 iis
1263 1477 1423 1557 conflata
1439 1501 1526 1557 vera
1543 1477 1594 1557 cn
1610 1477 1663 1586 (β.
1672 1504 1759 1585 547.
1771 1478 1803 1584 ).
1837 1474 1988 1602 Quant-

434 1577 515 1626 Μ’·
672 1587 810 1673 obrem
822 1618 914 1674 eum
922 1590 1132 1703 propofitio
1140 1617 1227 1671 vera
1243 1586 1395 1673 refutari
1412 1618 1491 1673 non
1508 1592 1682 1700 poilrt(§.
1693 1620 1794 1701 1019.
1806 1597 1849 1701 );
1869 1624 1941 1678 nee
1959 1604 1988 1680 is

545 1782 547 1789 .
672 1703 827 1788 refutari
843 1709 985 1816 potest,
1003 1713 1071 1820 qui
1088 1705 1212 1789 verbis
1229 1704 1443 1815 poffibilern
1457 1705 1587 1789 tribuit
1610 1715 1832 1816 notionem,
1848 1711 1990 1823 quibus

674 1821 793 1931 vulgo
809 1823 1047 1933 impoffibilis
1063 1822 1271 1931 respondet.

809 1971 1022 2056 Enimvero
1049 2002 1140 2055 eum
1156 1978 1195 2053 in
1211 1971 1451 2081 philosophia
1467 1999 1485 2055 a
1505 1990 1657 2079 recepto
1672 1967 1879 2079 fignificatu
1908 2008 1995 2085 ver3

675 2089 817 2173 borum
832 2118 912 2171 non
933 2088 975 2172 fit
991 2090 1245 2171 recedendum
1259 2088 1313 2197 (p.
1323 2115 1399 2193 142.
1418 2088 1518 2193 Disc.
1536 2091 1687 2168 Prelim.
1696 2096 1715 2185 l
1735 2088 1772 2170 dr
1789 2090 1895 2174 idem
1923 2124 1992 2177 eo-

678 2206 768 2288 dem
784 2206 906 2289 modo
923 2211 963 2286 in
979 2210 1087 2287 omni
1103 2202 1178 2285 alio
1196 2205 1280 2286 casu
1297 2203 1441 2285 ostendi
1459 2202 1591 2310 poliat,
1609 2229 1688 2312 quo
1703 2204 1786 2311 (loc.
1804 2215 1867 2289 cir.
1876 2213 1909 2319 )
1926 2214 1993 2294 de·

677 2321 919 2432 philosophia
936 2322 975 2403 id
991 2319 1159 2403 evitium
1175 2320 1350 2401 dedimus
1368 2348 1380 2413 3
1404 2316 1526 2399 multo
1542 2322 1661 2425 magis
1677 2322 1914 2428 cavendum,
1945 2358 1992 2413 ne

678 2442 878 2520 notionem
908 2436 1122 2545 poffibilern
1139 2439 1339 2542 jungamus
1360 2432 1504 2537 verbis,
1523 2434 1661 2545 quibus
1675 2437 1918 2543 impoffibilis
1934 2474 1991 2527 re·

677 2553 846 2662 spondet.
902 2549 1072 2633 Nullum
1090 2556 1215 2661 itaque
1230 2542 1477 2633 dubium'ene
1493 2550 1635 2658 potest,
1652 2553 1743 2659 quin
1760 2557 1826 2664 qui
1844 2559 1885 2636 id
1902 2554 1991 2643 iacit

679 2669 876 2749 admoneri
893 2666 1033 2774 possit,
1058 2686 1101 2747 ut
1124 2662 1336 2748 dielionem
1362 2668 1545 2770 corrigat,
1570 2691 1618 2745 ne
1645 2668 1685 2743 in
1703 2667 1992 2779 interpretandis

679 2781 844 2863 aliorum
858 2782 1001 2890 seriptis
1024 2783 1202 2863 nonsatis
1230 2781 1406 2883 versatis,
1434 2772 1514 2861 hoc
1547 2781 1612 2886 eil,
1628 2777 1800 2888 plurimis
1822 2786 1876 2894 (ᾗ.
1895 2818 1994 2898 904.

683 2899 834 3009 &seqq
852 2900 873 3006 )
889 2899 1011 2978 ansata
1030 2896 1190 3006 probeat
1204 2896 1270 3005 ipfi
1284 2924 1453 2978 errorem
1476 2894 1708 3001 imputandi,
1734 2896 1796 2978 vel
1818 2909 1996 3009 praejudi.

680 3020 745 3098 cio
762 3017 968 3096 autoritatis
985 3014 1179 3116 detentos,
1207 3013 1303 3094 dum
1331 3009 1444 3092 verba
1471 3013 1550 3110 ejus
1568 3006 1659 3091 falso
1690 3016 1994 3128 interpretantur,

682 3136 885 3213 inerrores
900 3129 1049 3212 seducat
1064 3128 1458 3236 (§.1013.528.623.),
1474 3125 1742 3237 consequenter
1757 3129 1825 3210 fini
1841 3159 1862 3211 a
1883 3138 1918 3220 se
1937 3143 1994 3220 in.

683 3266 790 3328 tento
807 3245 1038 3350 adversetur,
1067 3250 1133 3356 qui
1152 3242 1245 3326 alius
1262 3242 1332 3325 effe
1348 3244 1498 3354 nequit,
1528 3267 1643 3352 quam
1667 3239 1853 3327 ledlorem
1871 3252 1995 3339 dedu.

684 3388 769 3444 cere
784 3360 831 3440 ad
847 3365 1111 3466 cognitionem
1126 3388 1254 3442 rerum
1271 3357 1337 3468 ipfi
1353 3355 1636 3467 profuturarum
1653 3357 1707 3463 (p.
1716 3384 1808 3465 902.
1819 3364 1851 3467 ).

795 3472 963 3572 Exemplo
980 3478 1036 3548 hie
1049 3476 1146 3549 nobis
1162 3472 1208 3546 est
1222 3476 1413 3572 Arrgustinus
1429 3471 1483 3545 lib.
1500 3496 1525 3563 ς.
1553 3471 1594 3543 de
1618 3476 1752 3545 civitate
1770 3481 1833 3549 Dei
1849 3506 1877 3551 c.
1893 3509 1915 3553 r.
1933 3483 1993 3557 ubi

734 3572 927 3652 sententiam
944 3600 1065 3663 tenere,
1080 3577 1230 3670 linguam
1244 3582 1410 3667 corrigere
1421 3574 1517 3671 jubet
1534 3598 1608 3660 eos,
1625 3576 1682 3671 qui
1689 3575 1766 3669 sarr·
1783 3584 1923 3653 nomine
1940 3585 1995 3659 de·

734 3702 824 3752 creta
841 3680 962 3768 divina,
977 3680 1030 3750 vel
1039 3679 1250 3750 voluntatem
1264 3680 1328 3747 Dei
1340 3676 1519 3776 appellant.
1537 3688 1548 3703 ·
1571 3680 1792 3772 Nosquoque
1802 3677 1914 3754 ansam
1924 3686 1997 3762 aliia

735 3807 807 3854 non
817 3780 934 3867 daturi,
949 3808 1021 3878 quae
1038 3806 1107 3853 non
1122 3779 1189 3852 fine
1204 3782 1335 3851 rarione
1357 3773 1623 3876 reprehendant,
1637 3775 1859 3855 necetlrtarem
1882 3785 1995 3887 hypo

737 3882 894 3974 rherieam
910 3887 946 3953 in
974 3876 1188 3976 Cosmologia
1208 3876 1411 3953 adstruentes
1428 3905 1445 3948 a
1462 3872 1520 3948 fari
1539 3880 1676 3947 nomine
1704 3874 1923 3975 abstinemus,
1937 3888 1995 3962 etii

736 3982 998 4081 eandemfrrtrm
1010 3986 1244 4080 hyaorhrtirum
1258 4007 1294 4051 at
1311 3980 1516 4073 christianum
1532 3978 1733 4075 appellarint
1747 3984 1922 4081 Theologi
1940 4019 1994 4064 or.

733 4084 894 4169 rhodoxi,
921 4110 1099 4184 propterea
1108 4085 1201 4184 quod
1217 4081 1278 4156 fati
1294 4086 1430 4155 nomine
1443 4080 1610 4156 necetliras
1621 4075 1884 4185 absolutteaque
1894 4088 1996 4167 hrum

736 4187 841 4281 vulgo
861 4184 1061 4283 defignetur⁴

1254 4346 1263 4366 .
1323 4311 1366 4367 10
1413 4349 1423 4367 .

799 4441 939 4550 arquis
954 4440 1104 4550 ostendar
1118 4284 1287 4544 molari,
1313 4312 1502 4548 quilla
1526 4442 1568 4523 r'rr
1592 4444 1913 4556 murem-incidit,
1941 4459 2006 4536 vel

1901 4575 2002 4682 qaod
