4834 5634
528 501 834 641 Detegetur
845 494 1319 642 librishtstortciset
1326 506 1628 655 arginariae.
1655 523 1770 676 ⁶67

511 729 649 809 historia
664 730 753 807 civili
767 730 801 803 ἃ
815 727 1026 803 ecclefiastica
1040 736 1199 823 notiones¹
1214 739 1360 814 morales
1377 741 1411 815 ἃ
1426 743 1595 844 politicae,
1610 753 1645 823 in
1661 750 1762 829 hista-

398 892 402 899 .
506 839 558 911 ria
579 833 725 909 naturali
746 837 904 905 notiones
926 858 1042 907 rerum
1059 839 1316 915 naturalium&
1337 848 1644 944 experimentorum
1666 879 1702 925 ,c
1718 859 1757 930 in

472 962 481 971 ·
505 942 602 1011 omni
619 935 755 1011 historia
771 939 929 1008 notiones
944 936 1203 1037 metaphyfieaa,
1212 939 1394 1041 praesertim
1410 947 1633 1043 ontologicas:
1643 959 1756 1027 omnia

500 1064 627 1138 nempe
642 1040 699 1110 laic
714 1036 805 1108 utilis
821 1040 969 1130 cognitio
984 1037 1031 1112 eli
1049 1098 1057 1128 ,
1080 1066 1153 1139 quae
1167 1036 1409 1119 formationem
1424 1052 1573 1128 notionis
1596 1052 1755 1135 distin&

493 1138 606 1239 iuvat,
621 1141 748 1216 docent
764 1142 802 1212 io
818 1163 857 1211 ea
873 1134 1053 1215 formanda
1071 1138 1252 1218 observatu
1267 1145 1454 1224 necessaria,

1026 1282 1056 1389 i·
1086 1302 1182 1388 940·

441 1510 447 1517 ,
561 1424 621 1511 Dr
631 1419 890 1537 probabilitate
903 1423 963 1511 orl
973 1434 1129 1510 ueritate
1141 1429 1199 1508 νει·
1214 1449 1378 1513 narrate
1381 1428 1618 1540 judicaturus
1635 1444 1674 1525 in
1689 1465 1756 1527 aa·
1779 1437 1966 1527 Vm‘tasrct

447 1545 634 1629 cantarem
649 1541 746 1645 testis
761 1546 891 1629 oculati
907 1566 1016 1659 atque
1031 1548 1148 1624 eurrtr‘
1163 1547 1348 1660 inquirere
1362 1549 1385 1656 (
1393 1549 1424 1656 p.
1434 1552 1513 1656 615.
1522 1556 1604 1661 617,
1616 1559 1699 1664 619,
1710 1560 1754 1667 )‚
1778 1568 1999 1653 rar-raraque

433 1658 611 1779 stratique
624 1653 792 1765 drfpicarr
806 1655 928 1764 debet,
943 1685 1026 1740 num
1041 1660 1300 1743 innarratio'nr
1315 1688 1604 1788 occurruntque
1618 1673 1754 1779 oclstbr'
1777 1647 1865 1721 ’Μ
1873 1653 1998 1751 ΑΜ.

442 1800 589 1878 metuo,
603 1772 662 1858 uel
675 1782 828 1861 veritati
843 1797 938 1859 certo
955 1783 1088 1891 agnitae
1103 1794 1315 1891 repugnant.
1372 1775 1528 1867 Etenim
1545 1793 1677 1871 veritas
1692 1789 1753 1875 hi·
1775 1750 1891 1846 “m--

429 1892 583 1979 slorica
597 1893 843 1974 examinanda
860 1894 911 1975 est
932 1892 1036 1992 juxta
1060 1886 1204 1995 regulas
1231 1890 1349 1997 fidei,
1371 1922 1453 2007 quar
1477 1906 1674 1986 autoritate
1697 1926 1753 1990 te-

444 2006 561 2091 llium
583 2012 715 2089 nititur
738 2011 798 2117 (p.
816 2008 934 2113 803.)
952 2035 964 2100 3
986 2009 1026 2086 in
1041 2001 1253 2113 particulari
1269 2029 1397 2092 autem
1419 2016 1638 2124 innotescit,
1655 2017 1681 2103 sa
1698 2021 1751 2104 ob

429 2124 740 2209 circumstantias
764 2122 963 2231 singulares
986 2118 1062 2204 five
1086 2147 1135 2202 ex
1152 2120 1228 2229 ipsa
1247 2130 1488 2234 narratione,
1512 2130 1587 2215 five
1599 2132 1751 2221 aliunde

430 2239 558 2325 'nobis
572 2238 780 2350 perspeelas
797 2238 908 2321 relata
924 2240 1014 2319 ileo
1031 2236 1403 2352 admittimus,quod
1418 2271 1489 2327 nec
1505 2245 1571 2330 fibi
1587 2272 1748 2358 mutue),

429 2382 518 2441 'nec
533 2361 682 2439 veritati
697 2357 889 2438 evidenter
903 2356 1063 2463 cognita
1079 2374 1309 2461 repugnent,
1320 2356 1492 2472 adeoque
1507 2363 1747 2473 pollibilitate

443 2498 526 2557 non
543 2472 785 2555 destituantur
801 2474 822 2579 (
832 2474 862 2578 p.
881 2484 974 2576 804.
985 2472 1015 2575 ).
1073 2462 1204 2588 Qare
1221 2474 1316 2573 ratio
1331 2471 1432 2557 nulla
1447 2478 1520 2583 cll,
1541 2508 1610 2563 cur
1624 2509 1747 2566 narra-

440 2592 592 2673 tionem
608 2594 748 2670 autoris
764 2592 803 2667 in
821 2587 980 2669 dubium
995 2607 1202 2690 vocemus,
1218 2587 1323 2688 cujus
1339 2588 1378 2670 ἀ
1393 2586 1571 2678 autoritas
1586 2601 1747 2683 minime

441 2703 630 2815 suspesla,
645 2704 683 2785 a
700 2706 861 2785 narratio
878 2728 957 2784 non
974 2702 1165 2805 continet,
1179 2727 1260 2812 qua
1276 2706 1517 2815 impossibilia
1530 2711 1636 2819 sunt,
1651 2742 1746 2797 con·

442 2820 639 2935 sequenter
654 2821 704 2900 de
720 2817 1009 2929 probabilitate,
1034 2811 1096 2896 vel
1118 2819 1272 2898 veritate
1296 2826 1349 2903 rei
1372 2845 1522 2907 narrate
1544 2822 1745 2930 judicaturi

439 2964 525 3023 non
539 2939 682 3038 majore
697 2931 1034 3044 circumspectione
1045 2933 1101 3009 uti
1116 2929 1428 3049 valemus,quam
1445 2939 1509 3022 ubi
1527 2943 1565 3024 tir
1581 2949 1621 3023 in
1637 2967 1746 3032 auto-

443 3057 594 3137 ritatem
607 3052 798 3155 historici,
814 3050 852 3131 &
868 3055 908 3130 in
924 3052 977 3129 rei
993 3064 1139 3129 narrata
1154 3047 1436 3155 possibilitatem
1450 3059 1689 3166 inquirimus.

547 3174 632 3243 Non
648 3193 810 3261 negamus
826 3167 945 3264 praxin
959 3160 1083 3256 regula
1098 3158 1270 3233 difficilem
1285 3162 1364 3257 elle,
1380 3193 1441 3239 nec
1455 3172 1513 3241 msr
1530 3174 1640 3247 multo
1655 3198 1745 3249 exer·

497 3274 576 3346 citio
591 3272 625 3345 &
640 3276 728 3343 varia
746 3271 938 3363 cognitione
956 3266 1077 3364 praevia
1089 3286 1156 3360 pro
1172 3260 1355 3339 diversitate
1369 3265 1492 3365 objesti
1515 3270 1589 3345 fieri
1612 3274 1746 3371 expedi·

493 3398 573 3449 tam.
627 3371 692 3445 Sed
709 3375 744 3442 in
761 3370 881 3463 Logici
897 3366 1056 3465 potestate
1071 3388 1142 3435 oon
1156 3360 1264 3452 est,ut
1277 3368 1311 3437 in
1326 3368 1521 3466 potestatem
1538 3372 1747 3452 nostramre·

422 3558 428 3563 ,
492 3477 606 3573 diget,
628 3500 701 3573 quae
715 3477 750 3545 in
768 3499 805 3546 ea
821 3470 927 3570 posita
940 3494 1010 3542 non
1025 3459 1123 3539 sunt:
1146 3460 1304 3539 satisfacit
1323 3466 1477 3545 iaoffieio
1497 3468 1557 3549 suo
1576 3532 1585 3565 ,
1608 3474 1747 3571 firegu-

487 3580 537 3655 lts
561 3570 737 3651 observatu
751 3570 939 3648 necessarias
963 3572 1072 3645 ubivis
1096 3566 1246 3641 inculcet
1300 3573 1461 3645 Ceterum
1486 3574 1747 3678 hincapparet,

490 3682 627 3781 tyronis
642 3704 712 3752 non
736 3674 829 3764 elle,
853 3696 890 3747 ut
905 3671 947 3746 de
960 3677 1010 3748 rei
1031 3692 1170 3743 narrate
1195 3673 1333 3745 veritate
1349 3674 1496 3770 judicet,
1521 3676 1581 3750 nist
1606 3680 1665 3750 ubi
1688 3680 1746 3754 ob-

488 3788 545 3857 via
561 3777 660 3868 sunt,
686 3804 758 3877 quae
773 3774 915 3874 expendi
931 3794 1114 3849 merentur.
1167 3768 1297 3845 Sufficit
1321 3775 1453 3864 eidem,
1479 3775 1528 3867 st,
1552 3804 1624 3877 que
1647 3780 1748 3873 legit,

420 3882 426 3895 ’
487 3878 741 3961 intellexerit&
758 3881 930 3952 memorie
945 3875 1162 3949 mandaverit.
1214 3878 1326 3947 immo
1350 3881 1454 3976 primi
1474 3900 1614 3979 tyrones
1636 3878 1746 3959 subin·

420 4020 425 4028 ·
488 3986 534 4059 tle
549 3985 720 4057 memorie
736 3978 876 4073 infigere
891 3976 1013 4050 debent
1029 3975 1111 4049 olim
1129 3969 1310 4074 profutura
1328 4032 1337 4066 ,
1359 4004 1434 4075 quae
1458 4006 1529 4053 aon
1550 3976 1626 4051 satis
1650 3982 1746 4057 intel·

418 4134 424 4143 ·
440 4116 443 4121 ¹
491 4088 606 4183 ligant
622 4141 634 4172 ,
659 4081 721 4157 suo
737 4104 893 4180 tempore
909 4078 1030 4153 clarius
1046 4070 1277 4176 perspicienda
1294 4134 1303 4166 ,
1327 4078 1387 4153 ubi
1398 4106 1520 4155 eorum
1535 4084 1667 4159 animus
1684 4082 1747 4155 alia

422 4236 425 4241 ·
492 4192 687 4283 cognitione
701 4181 806 4258 fuerit
821 4182 981 4255 imbutus.
1031 4185 1128 4273 Εἶεν.
1155 4184 1196 4249 ln
1218 4176 1354 4256 historia
1378 4182 1468 4255 civili
1484 4185 1639 4256 notionet
1663 4180 1748 4284 saepe

419 4348 424 4359 .
489 4288 639 4369 morales
656 4288 689 4359 a
704 4287 848 4387 politice
862 4308 965 4381 penes
986 4276 1148 4353 leilorem
1165 4274 1431 4380 supponuntur,
1456 4308 1474 4353 a
1496 4282 1619 4381 quibua
1638 4284 1747 4361 adhue

403 4456 408 4461 .
490 4415 617 4469 vaenue
631 4387 677 4462 eil
693 4392 823 4461 animus
842 4380 1099 4458 adolescentium
1115 4378 1305 4461 historicam
1328 4387 1502 4462 veritatem
1517 4390 1689 4460 memorie
1708 4389 1746 4460 in

491 4492 650 4571 futurum
666 4486 761 4563 usum
781 4485 1022 4562 mandantium.
1075 4486 1163 4554 Non
1178 4486 1283 4579 igitur
1301 4480 1375 4560 saris
1389 4485 1600 4583 intelligunt,
1616 4510 1689 4586 que
1708 4494 1746 4563 in

490 4592 652 4677 futurum
659 4586 757 4669 uum
764 4591 938 4669 memorie
952 4582 1141 4759 mandanti,
1160 4584 1337 4685 Postquam
1344 4612 1426 4665 reto
1436 4612 1552 4667 rerum
1566 4588 1750 4769 moraliuqq

1148 4712 1293 4791 ΡΡΡ2
