4834 5634
684 544 793 675 488
835 526 976 632 Part.
993 514 1057 624 II.
1077 508 1267 619 Senti.
1291 511 1397 643 Cap.
1410 506 1478 614 II.
1514 502 1892 639 Defotrrtaadi5

688 779 746 839 tet
768 749 941 835 attributa
971 742 1032 827 vel
1060 734 1257 823 ellentialia
1282 730 1391 843 ipsius
1417 730 1549 816 locum
1575 734 1686 821 habet
1709 740 1733 845 (
1743 740 1774 847 §
1793 743 1862 847 64.
1888 742 1979 851 65).

690 868 903 953 Enimvero
918 860 1026 971 quod
1040 862 1081 937 in
1096 852 1266 963 pluribus
1281 847 1453 951 l'ubjetlis
1469 852 1641 950 ejusdem
1658 863 1807 961 generis
1818 856 1901 961 ,vel
1914 858 1981 967 spe-

691 988 765 1067 ciei
779 982 986 1065 constanter
1005 972 1246 1069 observatur,
1273 966 1429 1064 &cujus
1449 972 1680 1051 contrarium
1703 998 1902 1083 nunquam
1918 970 1979 1055 fuit

693 1092 997 1206 deprcltenlu1n3
1022 1088 1062 1168 id
1078 1080 1301 1165 inductione
1325 1078 1554 1187 incompleta
1579 1083 1822 1191 probabiliter
1845 1092 1980 1195 generi,

692 1210 755 1295 vel
769 1213 903 1319 speciei
913 1208 972 1286 ini
987 1203 1195 1284 constanter
1213 1194 1325 1275 inelle
1340 1193 1533 1301 colligitur
1549 1199 1571 1303 (
1580 1200 1610 1305 q.
1620 1212 1707 1305 578.
1724 1214 1817 1307 478.
1828 1205 1862 1309 ).
1918 1199 1979 1285 Re·

690 1324 782 1413 ferri
797 1329 912 1433 igitur
926 1321 1032 1401 idem
1048 1314 1160 1395 debet
1176 1306 1236 1393 vel
1252 1315 1350 1391 inter
1367 1309 1553 1416 attributa,
1562 1314 1623 1395 vel
1638 1320 1736 1396 inter
1753 1316 1957 1399 ellentialit.

799 1446 837 1510 E.
856 1463 906 1529 gr.
934 1442 1050 1507 Cottam
1071 1434 1195 1501 latrare
1212 1426 1361 1523 quotidie
1376 1425 1409 1495 dt
1423 1450 1513 1513 nos,
1536 1427 1642 1501 &alii
1661 1426 1903 1521 observamus,
1922 1456 1975 1507 net

742 1563 894 1639 unquam
924 1536 1022 1607 nobie
1054 1531 1200 1601 occurrit
1222 1523 1416 1625 exemplum
1438 1532 1527 1599 rania
1549 1555 1619 1602 non
1642 1530 1806 1606 latrantia.
1861 1537 1978 1607 Omnem

742 1641 826 1713 adeo
842 1664 948 1711 caraem
964 1639 1088 1706 latrare
1099 1631 1179 1731 poffr
1195 1622 1391 1701 induitione
1407 1626 1464 1698 etsr
1482 1629 1706 1729 incompleta,
1722 1639 1866 1709 maxime
1879 1657 1976 1709 tameo

741 1737 912 1842 probabili
926 1734 1124 1829 colligimus.
1177 1726 1278 1799 Unde
1302 1736 1476 1829 potentiam
1499 1732 1649 1805 latrandi
1665 1738 1755 1809 inter
1769 1736 1926 1809 attributa
1939 1760 1976 1808 ct·

736 1847 792 1916 nis
807 1836 996 1913 referimus.
1048 1829 1344 1934 Qtemadmodum
1361 1832 1456 1901 omni
1474 1834 1508 1902 in
1524 1827 1616 1921 casu,
1637 1839 1682 1907 ita
1700 1860 1840 1935 quoque
1858 1844 1894 1911 in
1909 1864 1976 1937 pre

737 1937 830 2015 sente
845 1941 967 2012 dantur
981 1936 1103 2029 gradus
1117 1930 1372 2032 probabilitatis.
1425 1935 1559 2003 Etenim
1575 1934 1607 2005 dt
1623 1961 1788 2010 numerus
1805 1935 1976 2014 observate

742 2070 842 2131 rum,
856 2043 890 2113 dt
905 2062 1058 2136 tempus,
1071 2059 1140 2131 quo
1156 2026 1402 2105 observationes
1421 2036 1620 2107 continuatae
1630 2036 1919 2137 ,probabilitatem
1933 2064 1975 2113 ur

740 2169 816 2241 get,
831 2148 876 2215 ita
891 2166 929 2212 ut
945 2137 1044 2213 instar
1059 2134 1351 2208 demonstrationis
1369 2128 1527 2206 allensum
1544 2160 1748 2235 extorqueat.
1781 2146 1920 2217 Urimur
1934 2166 1976 2213 rt·

737 2272 780 2318 ro
795 2249 830 2315 in
852 2239 922 2342 ipsa
938 2263 1073 2339 quoque
1093 2231 1237 2306 Mathefi
1260 2258 1506 2331 nonnunquam
1522 2232 1717 2314 indullione
1738 2241 1781 2313 ad
1804 2242 1974 2317 constanter

765 2348 963 2415 uantitatum
980 2340 1157 2409 relationes
1176 2334 1216 2408 ab
1233 2330 1495 2409 inconstantibus
1511 2333 1740 2417 discernendas
1757 2402 1768 2435 ,
1790 2346 1897 2419 veluti
1910 2366 1973 2419 tun

737 2372 894 2517 Formulae
917 2438 1071 2539 speciales
1095 2434 1300 2509 constantem
1317 2437 1485 2532 quandam
1504 2440 1704 2515 relationem
1728 2444 1770 2517 ad
1787 2454 1974 2545 quantitate

738 2547 830 2618 datas
846 2542 987 2631 habere,
1008 2538 1064 2611 vel
1077 2534 1171 2612 seriei
1186 2536 1358 2632 cujusdam
1373 2539 1410 2608 in
1426 2536 1598 2613 infinitum
1613 2548 1863 2640 progredientia
1876 2548 1972 2625 temti

738 2644 855 2719 nistre
871 2640 956 2716 adse
972 2636 1207 2727 invicem‚five
1224 2636 1266 2708 ad
1282 2640 1484 2734 quantitates
1501 2644 1661 2737 quasdam
1678 2644 1771 2720 dataa
1787 2649 1973 2727 relationem

736 2747 933 2818 invariatam
949 2743 1072 2815 habere
1093 2739 1404 2837 deprehenduntur.
1454 2737 1628 2841 Qamvia
1644 2771 1727 2821 vero
1743 2752 1778 2821 in
1793 2750 1973 2827 induffiooe

734 2870 806 2919 non
821 2843 859 2916 stt
877 2840 1175 2941 acquiescendum,
1202 2840 1261 2911 ubi
1276 2839 1315 2908 ad
1330 2843 1503 2914 veritatem
1521 2843 1681 2941 liquidam
1699 2874 1766 2947 ope
1784 2850 1970 2925 demonstra·

732 2951 832 3018 tionis
848 2949 1017 3045 perveniri
1037 2942 1135 3014 datur
1152 2964 1161 3030 3
1184 2943 1347 3014 utendum
1365 2966 1477 3015 tamen
1495 2943 1541 3015 est
1557 2944 1752 3023 indutlione
1766 2958 1802 3024 in
1816 2958 1971 3027 inuenien-

730 3046 861 3135 do‚ubi
879 3044 1180 3145 praestantiffimum
1197 3046 1347 3116 medium
1363 3046 1517 3129 habetur,
1527 3049 1814 3143 quemadmodum
1827 3048 1883 3129 luo
1897 3075 1969 3129 tem·

736 3175 824 3250 pore
839 3155 876 3225 in
883 3158 966 3224 Arte
981 3145 1172 3222 inveniendi
1191 3143 1431 3219 evidentillime
1451 3146 1744 3229 demonstrabitur.

1263 3274 1294 3379 l·
1338 3272 1425 3375 675·

432 3450 604 3537 attributo
793 3411 835 3492 Si
850 3406 940 3527 quid
938 3408 1051 3517 staloa
1065 3436 1107 3494 re
1121 3407 1168 3494 ab
1184 3409 1304 3495 eadent
1321 3414 1464 3511 atatrri
1478 3438 1546 3497 non
1556 3415 1686 3534 potest,
1703 3417 1747 3504 id
1762 3428 1861 3508 inter
1873 3433 1969 3513 attri-

431 3555 550 3634 rum&
565 3549 654 3644 effen.
677 3518 785 3627 buta,
811 3531 871 3606 vel
882 3528 1074 3629 plintialt'a
1090 3531 1164 3623 ejus
1178 3523 1402 3627 referendum
1419 3559 1437 3621 ,·
1463 3543 1684 3615 contrarium
1698 3566 1782 3619 vero
1800 3548 1896 3627 inter
1909 3572 1968 3627 trt-

431 3664 617 3736 tialiamar-
678 3639 736 3723 det
752 3641 860 3723 Iocum
883 3637 999 3722 habet.
1057 3637 1180 3763 Qod
1203 3647 1307 3723 eninr
1332 3668 1371 3721 re
1393 3640 1487 3722 lalva
1512 3646 1557 3727 ab
1586 3651 1718 3733 eadent
1741 3654 1879 3741 auferri
1902 3686 1967 3741 non

430 3758 603 3865 qtccmode
676 3757 818 3867 potest,
834 3754 874 3835 id
889 3759 924 3834 ei
938 3754 1147 3835 constanter
1164 3761 1267 3840 inest.
1324 3754 1409 3838 Aut
1436 3761 1549 3865 igitur
1574 3765 1621 3845 ad
1645 3766 1846 3854 ell'entialia
1871 3781 1968 3886 pesti.

429 3889 503 3936 ’Μ
511 3851 643 3957 aliquod
676 3893 762 3977 net,
779 3891 841 3951 aut
857 3868 1030 3951 attributa
1046 3872 1217 3973 ejusdem
1234 3874 1293 3981 (d.
1314 3874 1381 3977 64.
1395 3875 1456 3977 65.
1467 3879 1498 3981 ).

430 3962 604 4058 discrima.
622 4048 626 4055 -
779 3983 817 4069 E
832 3990 1021 4067 contrario
1037 3989 1142 4095 quod
1167 3988 1261 4069 lalva
1276 4016 1315 4067 rc
1334 3989 1380 4068 ab
1396 3990 1529 4071 cadem
1546 3991 1684 4077 auferri
1702 4006 1828 4109 potcll
1848 4071 1859 4111 ,
1883 4006 1919 4088 id
1937 4008 1966 4087 ci

674 4133 754 4189 non
769 4100 971 4183 necellario
988 4104 1108 4206 inest,
1138 4106 1311 4215 adeoque
1327 4130 1398 4185 nec
1415 4132 1512 4213 opus
1528 4111 1580 4191 est
1600 4175 1612 4214 ,
1638 4134 1680 4193 ut
1697 4122 1907 4203 constanter
1919 4126 1966 4203 jn.

672 4221 726 4304 stt.
783 4218 883 4300 luter
902 4217 1095 4299 mutabilia
1110 4224 1236 4335 itaque
1251 4218 1512 4327 referendum,
1529 4226 1701 4338 adeoque
1718 4238 1818 4317 inter
1837 4240 1967 4323 modos

673 4337 806 4419 locunt
818 4332 931 4415 habet
948 4336 967 4440 (
977 4335 1007 4441 d.
1026 4336 1132 4443 67.)

773 4454 811 4519 E.
828 4475 881 4543 gr.
906 4452 1008 4521 Calor
1025 4476 1043 4519 a
1061 4450 1171 4550 lapide
1183 4443 1308 4524 auferri
1322 4453 1488 4555 potell,ut
1503 4478 1614 4533 tamen
1628 4488 1762 4543 manem
1778 4470 1874 4573 lapis:
1885 4476 1968 4552 adar

673 4552 783 4647 itaque
796 4552 1128 4658 ittterttttdatnlttpidit
1141 4549 1302 4631 refertur.
1355 4564 1925 4671 Numeruternanusangulorum
1939 4584 1966 4649 in

1870 4682 1965 4784 figura
