4834 5634
534 497 843 631 Detegetur
851 494 999 597 libris
1018 492 1270 631 hestorum
1285 500 1646 627 &dogmaticam
1685 508 1781 634 655

451 714 513 803 ¹In
527 716 614 829 casu
628 716 725 818 adeo
740 716 861 799 dubio
880 718 1020 828 prestat
1043 718 1232 823 confiteri,
1256 718 1361 829 quotl
1379 738 1549 801 mentem
1565 719 1705 799 autoris
1723 718 1776 799 af-

432 826 572 945 loqui
586 830 894 937 non'valeamus,
910 862 1025 944 quam
1049 838 1085 915 ci
1109 860 1278 915 errorem
1293 830 1514 939 tribuere‚a
1540 858 1619 945 quo
1635 832 1775 917 censeri

458 968 609 1059 poterat
620 952 817 1031 immunis⁴
873 946 984 1033 Idem
1007 946 1266 1054 multomagis
1290 948 1371 1029 fieri
1388 947 1525 1031 debere
1541 974 1590 1031 eo
1605 953 1645 1029 in
1674 946 1771 1052 cusu,

425 1074 432 1139 .·
458 1062 526 1146 ubi
552 1085 666 1149 autor
693 1063 891 1168 judicii&
927 1068 1111 1149 acuminis
1137 1064 1341 1172 specimina
1378 1064 1447 1147 alia
1474 1062 1612 1168 dedit,
1641 1061 1771 1173 perse

426 1288 432 1295 .
453 1198 568 1296 1²²²et

555 1289 670 1367 Facile
686 1313 842 1392 apparet,
871 1316 934 1365 noa
957 1290 1014 1365 hic
1041 1286 1251 1391 supponere,
1276 1319 1338 1393 per
1365 1294 1498 1381 regulas
1515 1314 1609 1367 antea
1634 1291 1770 1365 traditas

507 1386 641 1469 sensum
664 1391 851 1471 verborum
869 1396 994 1465 autoris
1018 1400 1089 1467 crui
1107 1420 1178 1467 non
1202 1394 1304 1495 polle.
1354 1394 1534 1469 Veteribus
1548 1390 1772 1491 Philosophic,

426 1582 429 1587 Ι
508 1517 658 1591 quotum
684 1520 755 1567 non
770 1494 916 1593 amplius
929 1516 1042 1569 extant
1059 1492 1198 1594 scripta,
1222 1492 1277 1570 sed
1293 1492 1332 1566 ab
1349 1496 1420 1567 aliis
1435 1496 1673 1569 tantummodo
1693 1519 1771 1565 con·

506 1594 579 1669 tint
590 1594 702 1667 verbis
716 1596 826 1669 relatae
840 1590 1009 1669 sententiae
1026 1596 1187 1697 prostant,
1202 1594 1353 1691 neglclla
1369 1599 1430 1668 hac
1443 1598 1558 1691 regula
1574 1592 1772 1692 frequenter

506 1694 703 1771 tribuuntur
726 1718 860 1772 errores
885 1720 1034 1772 amente
1060 1693 1215 1799 ipsorum
1231 1698 1343 1797 ¹dubio
1367 1701 1490 1797 procul
1508 1722 1612 1799 quam
1628 1699 1770 1769 maxime

480 1794 615 1899 ¹alieni.

437 1918 444 1927 '
1020 1902 1053 2009 §-
1111 1928 1198 2010 922.

624 2046 769 2153 AEquus
781 2044 823 2125 in
836 2046 1098 2161 interpretando
1125 2044 1352 2157 appellatur,
1381 2048 1448 2159 qui
1474 2042 1599 2127 verbis
1627 2044 1767 2125 autoris
1787 2040 2007 2149 AEqttttatt's&

449 2180 533 2241 non
558 2152 676 2239 alium
690 2154 823 2239 tribuit
838 2158 1006 2267 sensum,
1035 2189 1284 2277 quamquem
1301 2162 1437 2245 iisdem
1456 2162 1681 2264 convenire,
1699 2158 1765 2239 dc·
1787 2149 1979 2272 iniquitatis

448 2272 673 2375 monstrare,
690 2291 775 2375 aut,
800 2270 867 2354 ubi
891 2278 1051 2360 minime
1064 2306 1244 2363 erroneus
1262 2274 1397 2383 fucrit,
1426 2272 1670 2389 probabiliter
1700 2272 1765 2355 ad·
1784 2264 1820 2326 ’Ὦ
1836 2265 1994 2367 ΜΨ,

447 2386 589 2474 stmere
610 2384 720 2471 valet.
782 2382 821 2467 Ε
849 2396 1038 2475 contrario
1066 2402 1211 2505 iniquus
1236 2400 1277 2477 in
1304 2396 1567 2501 interpretando
1597 2392 1669 2495 est,
1698 2390 1764 2501 qui
1782 2350 1880 2481 ’Μ
1888 2348 2003 2447 ΜΝ·

446 2500 574 2586 verbis
591 2506 733 2585 autoris
748 2500 880 2583 tribuit
895 2505 1039 2589 sensum
1057 2536 1283 2613 erroneum,
1313 2536 1428 2620 quem
1454 2506 1592 2591 iisdem
1621 2530 1763 2587 conve·
1783 2481 1839 2535 '⁸⁰'

446 2622 531 2701 nite
547 2618 802 2702 demonstrare
820 2625 961 2729 nequit.
1019 2620 1169 2707 Dantur
1185 2644 1310 2707 autem
1321 2630 1460 2735 gradus
1476 2620 1590 2723 hujus
1597 2630 1636 2703 t'n
1651 2628 1762 2703 inter·

440 2738 613 2851 putando
629 2740 853 2843 iniquitatis,
867 2739 918 2817 itu
934 2756 976 2818 ut
990 2740 1112 2841 major
1126 2737 1189 2845 stt,
1215 2738 1281 2823 ubi
1296 2768 1366 2848 per
1398 2734 1545 2845 regulas
1569 2756 1675 2819 antea
1690 2753 1764 2817 tra·

446 2848 567 2953 ditas,
583 2848 648 2931 seu
673 2854 905 2956 argumentis
920 2850 1065 2957 insitis,
1095 2854 1248 2963 probari
1264 2856 1407 2963 potest,
1434 2855 1579 2937 l'ensum
1609 2877 1764 2935 errone-

444 2988 517 3048 um
544 2960 616 3045 elle
644 2990 665 3045 a
694 2986 823 3047 mente
852 2974 994 3051 autoris
1010 2968 1198 3074 alienum,
1227 2968 1265 3050 bt
1294 2968 1419 3051 adhuc
1448 2970 1602 3071 major,
1632 2966 1761 3077 siquis
1881 2992 1883 2997 ·

445 3078 596 3161 sensum
610 3106 813 3161 erroneum
840 3080 965 3165 verbis
982 3089 1124 3167 autorIs
1147 3084 1310 3166 tribuere
1326 3085 1478 3193 pergit,
1507 3080 1573 3164 ubi
1589 3079 1685 3163 falsae
1702 3087 1761 3162 in-

443 3198 721 3302 terpretationis
734 3192 849 3277 fuerit
872 3196 1090 3282 admonitus
1120 3198 1158 3281 bt
1185 3226 1297 3282 verus
1322 3195 1529 3279 verborum
1551 3196 1674 3277 sensus
1696 3196 1763 3277 de-

439 3308 680 3395 ntonllmtus.

549 3430 669 3523 AEquae
679 3425 966 3525 interpretationis
975 3427 1107 3521 regulas
1115 3427 1276 3503 hallenus
1285 3424 1522 3502 stabilivimus:
1540 3421 1691 3521 quasqui
1702 3419 1760 3493 ob-

491 3518 685 3617 servaverit,
693 3532 803 3601 autori
818 3550 995 3623 nunquam
1004 3530 1129 3603 tribuet
1137 3526 1269 3605 sensum
1287 3557 1304 3601 a
1320 3551 1433 3602 mente
1448 3526 1548 3625 ipfins
1566 3522 1758 3612 alienum&

490 3630 528 3699 in
543 3622 621 3701 casu
637 3625 741 3701 dubio
749 3628 839 3701 ultro
849 3626 1082 3719 confitebitur,
1097 3626 1128 3705 se
1137 3656 1289 3707 mentem
1306 3624 1641 3725 autorieallcquinun
1650 3622 1753 3723 polle.

486 3732 532 3803 ln
544 3726 678 3825 regulas
691 3727 767 3803 illas
784 3750 864 3803 cum
880 3731 1092 3829 impingitur,
1099 3735 1223 3835 iniquae
1238 3732 1510 3833 interpretationi
1518 3730 1614 3803 locus
1630 3726 1689 3803 est.

1030 3924 1039 3943 .
1131 3890 1187 3949 2.

602 3976 709 4063 Cum
726 3974 921 4086 inscripto
939 3862 1310 4063 scielnifilolettori
1337 3997 1478 4061 attento
1493 3974 1616 4057 sensus
1631 3971 1755 4055 ubivis
1778 4039 1831 4109 Im.
1853 4033 1940 4105 uim

434 4108 564 4179 eernts
584 4090 649 4199 fit,
678 4120 749 4177 nec
764 4096 927 4203 perverti
941 4092 1083 4202 polsrt,
1111 4101 1205 4209 quin
1224 4094 1346 4179 sensus
1363 4092 1555 4203 perversus
1592 4088 1754 4172 demon·
1777 4060 1946 4229 nulisesta
1960 4134 1996 4197 p„

435 4208 583 4292 llrativa
600 4216 749 4295 ratione
766 4206 954 4293 refellatur
983 4210 1035 4318 (p
1057 4216 1193 4323 911.),
1216 4215 1256 4293 in
1287 4208 1427 4293 codem
1456 4224 1583 4288 autem
1619 4228 1753 4287 omnes
1776 4245 1989 4339 imm.

433 4321 716 4435 propofitiones
732 4353 800 4435 per
826 4326 1069 4409 definitiones
1084 4332 1226 4415 autoris
1242 4324 1309 4411 srnt
1328 4320 1555 4436 explicandae
1571 4316 1753 4429 (§.910.);
1775 4341 1825 4417 do,

431 4442 621 4547 mamfesta
634 4444 717 4553 fitne
734 4450 908 4551 iniquitas
920 4444 988 4547 est,
1008 4440 1052 4549 fi
1072 4452 1154 4555 quis
1176 4442 1296 4531 verbis
1315 4446 1450 4529 auroris
1465 4436 1755 4555 offingirstnsum

429 4556 1025 4671 dqfniuoniluejuscomrarinn.
1638 4666 1683 4749 M
1727 4668 1735 4686 ·

1684 4690 1751 4743 am·
