4834 5634
798 608 881 715 De
907 609 1130 719 craterio
1145 608 1430 731 ¹Veritatis.
1650 647 1765 760 409

440 834 511 943 effe
526 858 669 938 onaan,
678 832 837 945 fiminor
851 838 914 938 seu
916 837 1110 949 subsumtio
1125 867 1221 923 vera.
1231 835 1387 922 Etenim
1395 841 1523 922 minor
1531 838 1651 924 velest
1658 863 1759 927 ante·
1784 887 1818 949 in
1827 881 2002 989 &popm

442 951 601 1055 cedens,
624 950 670 1033 ἀ
683 948 876 1035 conclusio
894 954 1138 1064 consequens,
1147 956 1200 1063 (q.
1216 958 1347 1063 407.),
1365 954 1619 1067 adeoquefiin
1629 964 1755 1043 mino-
1782 989 1839 1053 aa.
1996 984 2000 991 ·

441 1096 490 1149 re
510 1068 753 1176 praedieatum
777 1072 957 1149 convenit
993 1067 1171 1174 subjeslo,
1194 1070 1436 1179 praedicatum
1452 1096 1608 1183 quoque
1627 1074 1755 1158 eidem

441 1186 628 1266 convenit
644 1186 685 1263 in
701 1180 942 1265 conclusione
951 1210 963 1277 3
998 1181 1059 1263 vel
1075 1189 1204 1267 minor
1220 1186 1271 1266 en
1288 1179 1506 1294 oppositum
1522 1188 1755 1301 consequen.

439 1304 516 1403 tis,
530 1296 723 1381 conclufio
740 1298 990 1380 antecedentis
1006 1297 1229 1408 oppositum
1246 1301 1299 1409 (q.
1317 1324 1411 1404 407.
1430 1301 1562 1407 288.)‚
1579 1303 1753 1415 adeoque

439 1412 728 1524 lipraedicatum
743 1416 784 1493 in
806 1413 1057 1524 consequente
1082 1412 1249 1516 subjedlo
1273 1414 1342 1497 suo
1367 1420 1573 1499 convenire
1597 1425 1750 1531 nequit,

439 1556 515 1613 nec
532 1530 773 1638 praedicatum
790 1532 829 1608 in
838 1525 1080 1611 conclusione
1088 1530 1213 1612 eidem
1223 1534 1427 1612 convenire
1435 1531 1567 1638 potell
1585 1530 1629 1615 In
1645 1556 1751 1618 utro-

440 1641 1100 1757 queigiturcasuveraellconcluli0‚
1120 1642 1560 1754 siminorfueritvera(§.
1571 1650 1692 1757 505).

542 1759 711 1859 ldemjam
719 1762 914 1832 monuimus
923 1753 1022 1857 supra
1032 1765 1114 1854 (not.
1123 1765 1255 1855 §.40¹1.)
1265 1782 1690 1859 exponentescommunem
1700 1764 1750 1837 lo·

491 1856 734 1963 quendiusum.
785 1862 855 1931 Hic
869 1884 952 1931 vero
967 1856 1141 1934 ostendere
1156 1860 1351 1950 debuimus,
1378 1884 1458 1936 tum
1477 1858 1541 1940 elle
1552 1864 1750 1941 notionibus

491 1964 609 2039 neriae
621 1960 692 2037 falfi
707 1957 928 2038 conformem.

607 2180 817 2296 Propofitia,
840 2204 917 2291 quc
930 2062 1163 2284 denlnstrsall
1167 2178 1294 2287 potest,
1309 2209 1394 2261 vera
1417 2178 1473 2285 est
1507 2175 1743 2289 Propolitio‚
1770 2178 1836 2254 Cur
1856 2206 1991 2297 propff·

434 2322 517 2407 quat
536 2293 823 2398 demonstratur,
831 2322 898 2403 per
905 2293 1140 2403 syllogismos
1152 2298 1247 2377 inter
1263 2294 1300 2375 se
1316 2315 1579 2379 concatenatos
1595 2295 1743 2403 colligi·
1766 2289 1989 2396 ‘'lvtraquac

428 2410 702 2524 tur‚inquibus
711 2437 789 2493 non
800 2410 1139 2519 utimurpraemilsrs
1148 2406 1214 2491 nifi
1232 2409 1530 2515 delinitionibus,
1547 2414 1739 2521 experien-
1768 2381 1977 2485 dranonstrarf

429 2529 493 2612 tiis
501 2527 734 2632 indubitatis,
742 2524 987 2607 axiomatis&
993 2522 1314 2636 propofitionibus
1327 2529 1402 2627 jam
1418 2546 1502 2609 ante
1510 2526 1738 2610 demonstra·
1760 2491 1872 2583 Μ·

427 2640 927 2754 tis(§.498.).Definitiones
936 2670 1026 2723 cum
1034 2638 1101 2723 fint
1108 2638 1385 2751 propositiones
1394 2644 1561 2725 identicae
1569 2642 1741 2750 (§.2'r4.)‚¹

428 2755 478 2843 de
486 2764 782 2844 earumveritate
790 2754 951 2839 dubitari
961 2760 1090 2869 nequit
1098 2759 1152 2866 (§.
1167 2759 1296 2867 505),
1326 2758 1449 2841 mndo
1466 2779 1660 2862 caveatur,
1690 2786 1738 2841 ne

428 2874 497 2961 fint
513 2882 695 2959 notiones
710 2876 938 2983 deceptrices
954 2875 1006 2982 (p.
1025 2878 1132 2983 135).
1142 2870 1204 2955 Ex
1216 2869 1414 2962 axiomatis
1431 2876 1603 2956 terminis
1618 2880 1738 2955 mani-

428 2989 569 3077 feslnm
585 2992 651 3097 en,
668 2992 909 3101 predicatum
925 2988 1092 3093 subjeslo
1108 2992 1326 3092 convenire,
1348 2986 1407 3070 vcl
1433 3016 1512 3070 non
1531 2995 1737 3072 convenire

429 3110 481 3217 (ἦ.
490 3112 582 3215 267.
592 3111 715 3216 262),
730 3127 842 3217 atque
857 3104 954 3189 adeo
969 3110 1156 3188 axiomata
1171 3130 1258 3185 vera
1282 3106 1365 3186 sunt
1382 3104 1435 3213 (p.
1451 3108 1571 3213 505).
1583 3101 1733 3221 Qodsr

429 3252 522 3335 ergo
536 3222 733 3309 conclusro
751 3218 908 3303 insertur
924 3249 973 3303 ex
989 3217 1276 3304 delinitionibus
1298 3239 1410 3329 atque
1435 3223 1635 3300 axiomatis
1654 3239 1733 3299 tan·
1813 3270 1828 3287 -

428 3370 542 3456 quam
558 3341 771 3454 praemissis,
800 3364 886 3418 earn
901 3363 1028 3420 veram
1044 3335 1116 3417 effe
1133 3331 1274 3416 necesse
1288 3335 1338 3413 cll
1356 3336 1407 3441 (l.
1417 3360 1500 3439 537.
1516 3357 1601 3438 542.
1611 3336 1731 3440 544).

405 3479 409 3487 ’
428 3457 910 3565 lmmocumexperientias
927 3451 1149 3535 indubitatas
1165 3476 1269 3532 veras
1285 3446 1355 3531 elle
1370 3450 1513 3531 constet
1530 3450 1579 3555 (p.
1607 3452 1731 3555 517.);

430 3602 511 3662 veta
526 3601 683 3687 quoque
699 3574 769 3653 erit
783 3566 996 3675 concluso,
1027 3597 1106 3680 quae
1123 3596 1171 3649 ex
1187 3569 1233 3649 iis
1249 3586 1360 3675 atque
1376 3562 1660 3645 definitionibus
1669 3564 1729 3647 vel

432 3695 628 3779 axiomatis
637 3684 795 3771 infertur
808 3686 859 3793 (q.
877 3711 960 3791 537.
980 3710 1065 3791 542.
1074 3684 1192 3791 543.)
1252 3674 1449 3799 Qoniam
1460 3683 1584 3791 itaque
1601 3682 1640 3759 in
1649 3676 1730 3763 De·
1826 3672 1830 3681 ’

433 3810 698 3896 monstratione
722 3801 955 3909 syllogismos
980 3827 1058 3883 non
1081 3796 1343 3907 ingrediuntur
1365 3817 1542 3906 tanquam
1564 3797 1729 3904 praernis-

434 3926 615 4041 saprartcr
631 3920 885 4022 definitiones,
900 3919 1089 4000 axiomata
1104 3916 1143 3998 u
1159 3916 1404 4022 experientias
1422 3910 1645 3993 indubitatas
1659 3911 1726 3995 nist

433 4040 683 4129 conclusiones
698 4064 746 4118 cx
763 4040 808 4117 iis
823 4056 1000 4144 tanquant
1016 4032 1205 4142 praemissis
1222 4026 1347 4131 illata,
1363 4028 1533 4137 adeoque
1551 4055 1644 4107 verae
1656 4051 1727 4133 per

433 4162 678 4267 monstratas·
707 4156 834 4234 omnis
858 4146 1092 4259 propositio,
1128 4176 1209 4261 quar
1234 4144 1529 4244 demonstratur,
1567 4139 1725 4223 infertur

433 4296 594 4390 tanquam
611 4265 801 4354 conclufio
810 4294 875 4376 per
889 4265 1122 4371 syllogilinos
1139 4280 1417 4361 concatenatos,
1440 4284 1604 4368 quorum
1633 4283 1723 4365 prar-

432 4392 527 4477 atillae
544 4418 640 4472 verat
656 4387 761 4489 sunt,
784 4381 1106 4491 consequenter&
1123 4378 1195 4489 ipsa
1211 4402 1297 4457 veta
1312 4376 1364 4455 est
1391 4374 1443 4481 (ᾗ.
1461 4374 1492 4478 p.
1508 4377 1602 4477 cia).

520 4502 686 4602 Exempla
697 4496 966 4601 propositionum
975 4495 1271 4570 demonstratarum
1282 4494 1317 4561 in
1329 4487 1471 4559 Mathefi
1488 4485 1720 4559 occurrunt&

471 4636 583 4711 erepet
592 4601 910 4679 demonstrationem
919 4624 1005 4670 verae
1015 4598 1259 4692 intelliguntur.
1274 4596 1433 4663 Ceterum
1452 4584 1720 4687 supponimusin

472 4694 918 4803 demonstrationepraelente
933 4696 1144 4777 definitiones
1159 4697 1191 4769 a
1208 4700 1370 4766 axiomata
1389 4692 1460 4765 veri
1473 4692 1720 4784 nominis,quae

433 4812 544 4905 (Wolsr'r'
560 4816 692 4913 logica)
1182 4802 1211 4871 F
1219 4792 1263 4869 ff
1660 4813 1721 4889 per
