4834 5634
1430 760 1595 868 De
1624 755 2057 873 methodo
2090 759 2650 895 disputandi.
3229 786 3366 909 78
3373 806 3430 912 ς

1022 986 1105 1063 E.
1124 1013 1221 1081 gr.
1242 991 1322 1061 In
1341 988 1647 1083 exemplo
1680 982 2005 1087 superiori
2023 990 2172 1082 (not.
2196 988 2409 1083 110⁸.)
2427 990 2642 1089 major
2657 972 3040 1087 syllogismi}
3055 1024 3426 1101 quecunque

918 1090 1255 1167 mutabilia
1296 1086 1443 1178 fient
1457 1148 1475 1179 ,
1524 1116 1597 1161 ea
1646 1090 1995 1183 constanter
2046 1118 2167 1163 non
2193 1044 2426 1187 infie'nt.
2479 1118 2490 1127 ·
2525 1095 2654 1165 Sed
2697 1096 2872 1167 modi
2901 1098 3230 1171 mutabiles
3246 1100 3419 1197 fiant.
3529 1096 3538 1111 “

916 1194 1109 1285 Ergo
1158 1192 1335 1263 modi
1390 1192 1735 1267 constanter
1762 1218 1881 1263 non
1932 1191 2149 1286 infime
2177 1250 2196 1281 ,
2246 1193 2337 1265 est
2372 1196 2632 1267 axioma
2668 1194 2837 1267 adeo
2872 1198 3176 1291 evidens,
3227 1226 3302 1273 ut
3351 1207 3424 1276 in

914 1296 1203 1367 dubium
1239 1299 1463 1366 vocari
1506 1294 1685 1364 haud
1728 1318 2063 1391 quaquam
2081 1292 2303 1391 poffir.
2406 1296 3310 1399 Opponensitaquebrevius
3329 1331 3424 1376 ar—

902 1416 1342 1495 gumentatur
1373 1420 1494 1495 per
1522 1396 1990 1491 enthymema:
2044 1395 2389 1493 Modffunt
2415 1397 2762 1471 mutabiles.
2866 1406 3052 1495 Ergo
3084 1407 3422 1497 constanter

916 1526 1037 1573 non
1064 1496 1297 1595 instent.

1937 1600 2000 1707 §.
2135 1620 2307 1678 1112.

942 1818 947 1823 .
1060 1744 1141 1823 Si
1166 1759 1504 1849 opponens
1514 1742 1921 1862 [yffogifhm
1968 1754 2206 1827 utitur
2231 1740 2664 1851 hypothetico
2680 1806 2704 1846 ,
2758 1747 2838 1825 in
2865 1776 2998 1856 quo
3016 1747 3240 1856 pofito
3297 1772 3430 1829 an·
3485 1754 3754 1857 ,Qando
3783 1790 3919 1837 con-

821 1863 1162 1942 tecedente
1190 1888 1325 1941 non
1367 1874 1654 1966 ponitur
1711 1860 2111 1969 corfiquens
2126 1921 2151 1961 ,
2204 1862 2608 1938 antecedens
2649 1858 2814 1940 licet
2854 1892 3096 1941 verum
3111 1864 3218 1969 fit
3232 1896 3260 1950 ‚⁰
3317 1892 3430 1942 re·
3463 1858 3805 1953 sequentia
3820 1876 3892 1939 in

821 1978 1149 2083 spondens
1166 1976 1715 2089 corfiquemiam
1764 2006 2013 2085 negare
2040 1974 2249 2053 debet.
2364 1968 2682 2051 Et'enim
2715 1971 2764 2055 fi
2795 1977 3240 2075 antecedens
3299 2004 3425 2057 ve·
3461 1950 3818 2055 sJ‘lhg'smO

821 2119 989 2174 rum
1020 2087 1131 2195 fit,
1164 2095 1353 2199 poni
1399 2094 1640 2200 potest
1669 2095 1709 2198 ζ
1715 2093 1773 2199 §.
1792 2092 1983 2196 406.
2018 2090 2105 2195 ),
2139 2086 2487 2199 adeoque
2517 2113 2558 2167 a
2604 2088 3100 2196 respondente
3151 2118 3424 2173 conce·
3479 2056 3862 2149 '’J'Whss'i‘·

821 2206 1178 2291 dendum.
1236 2204 1450 2289 Cum
1486 2227 1735 2288 tamen
1768 2204 2247 2287 antecedente
2292 2201 2468 2285 licet
2507 2222 2856 2315 tanquam
2895 2233 3078 2287 vero
3113 2202 3424 2289 conces·
3475 2164 3780 2255 'wanda‘

821 2324 897 2407 so
957 2329 1148 2430 poni
1207 2345 1525 2432 nequeat
1581 2324 2043 2433 consequens
2082 2384 2105 2423 ,
2164 2317 2289 2398 seu
2362 2339 2718 2429 tanquam
2777 2350 3046 2401 verum
3103 2321 3424 2405 concedi

821 2440 1158 2551 [§.cit.);
1220 2464 1257 2516 a
1296 2438 1785 2545 respondente
1823 2442 2087 2547 utique
2121 2433 2456 2541 neganda
2493 2434 2598 2515 est
2628 2436 3196 2548 consequentia,
3249 2464 3432 2519 eum

821 2556 985 2641 alias
1006 2560 1233 2636 etiam
1267 2554 1732 2666 consequens
1766 2552 2185 2637 concedere
2218 2570 2603 2632 teneretur
2631 2553 2737 2659 (§.
2758 2578 2945 2659 407.
2969 2556 3030 2661 >.

1019 2668 1097 2743 E.
1118 2696 1219 2762 gr.
1273 2673 1338 2739 Si
1378 2694 1734 2769 opponens
1786 2675 1873 2741 ita
1928 2688 2434 2759 argumentetur
2493 2690 2724 2737 contra
2779 2672 3177 2762 existentiam
3207 2669 3434 2743 mundi

921 2780 1175 2875 optimi,
1228 2796 1429 2868 quem
1458 2768 1871 2869 respondens
1921 2766 2255 2841 defendit:
2306 2770 2383 2838 Si
2406 2775 2481 2837 in
2514 2769 2774 2855 mundo,
2825 2780 2944 2870 qui
2991 2774 3236 2863 existit,
3278 2772 3436 2842 dan-

920 2897 1036 2947 tur
1088 2875 1259 2943 mala
1298 2876 1554 2973 phyfica
1588 2872 1665 2949 δ’
1698 2874 1971 2945 moralia
1994 2927 2013 2955 ,
2068 2869 2341 2941 mundus
2368 2866 2474 2939 hic
2501 2896 2621 2939 non
2649 2870 2731 2962 cst
2761 2880 3049 2972 optimus.
3147 2871 3284 2945 Sed
3333 2898 3434 2943 vc·

916 2975 1173 3067 rumest
1186 2984 1398 3075 prius.
1508 2978 1689 3069 Ergo
1718 2974 1797 3050 ξς
1832 2976 2181 3075 posterius,-
2236 2963 2651 3068 respondens
2703 2972 3117 3061 antecedens,
3157 2974 3330 3074 quod
3357 2982 3428 3042 in

921 3076 1151 3151 mundo
1202 3076 1432 3148 demur
1481 3078 1655 3147 mala
1676 3077 1935 3177 physt'ca
1969 3077 2046 3151 ὅ
2080 3072 2395 3153 moralia,
2440 3070 2811 3144 concedere
2859 3096 3138 3147 tenetur,
3245 3080 3434 3175 Quo·

922 3176 1310 3253 niamadeo
1341 3174 1750 3275 consequens
1789 3201 2030 3271 negare
2050 3176 2286 3271 nequit
2314 3169 2422 3270 (§.
2443 3194 2618 3268 407.
2637 3168 3156 3271 ),eonsequentia
3186 3200 3432 3267 negan-

926 3280 1029 3353 da.
1134 3278 1553 3369 Negandum
1608 3274 1853 3349 scilicet
1899 3274 2024 3361 est,
2069 3301 2149 3345 ex
2196 3298 2298 3358 ee,
2350 3274 2525 3373 quod
2567 3282 2641 3343 in
2689 3277 2919 3347 mundo
2963 3278 3210 3351 dantur
3255 3276 3434 3347 mala

914 3384 1172 3487 physica
1204 3388 1279 3455 {5
1297 3382 1586 3467 moralia,
1599 3376 1792 3479 sequi
1806 3430 1828 3462 ,
1856 3376 2156 3450 mundum
2190 3398 2313 3445 non
2340 3374 2450 3467 ff
2479 3382 2796 3475 optimum.

1092 3622 1177 3701 Si
1208 3640 1548 3725 opponens
1578 3623 1813 3699 utitur
1838 3504 2739 3731 fillggff252213bypothetico,
2769 3623 2852 3697 in
2877 3644 3010 3725 quo
3037 3620 3443 3727 constquens
3498 3654 3688 3751 quus
3713 3662 3900 3740 aym·

821 3742 1083 3839 falsum
1138 3734 1229 3839 est
1248 3798 1268 3833 ,
1328 3762 1463 3814 non
1491 3760 1729 3813 tamen
1771 3738 1995 3813 eodem
2043 3728 2325 3831 fhblato
2368 3734 2774 3812 antecedens
2813 3737 3154 3824 tollitur3
3223 3740 3442 3821 denuo

821 3856 1226 3961 respondens
1283 3850 1830 3957 consequentiam
1876 3878 2133 3960 negare
2156 3847 2377 3928 debet.
2495 3840 2808 3927 Etenim
2855 3848 2908 3931 fi
2975 3850 3438 3963 consequens

821 3968 1095 4057 sallum
1122 3965 1266 4065 est,
1316 3960 1513 4043 redte
1546 3962 1713 4045 tolli
1750 3968 1991 4073 potest
2027 3965 2347 4073 (§.406.
2366 3966 2436 4071 ),
2453 3961 2796 4073 adeoque
2827 3993 2868 4047 a
2941 3966 3438 4075 respondente

821 4087 1082 4191 negari
1118 4084 1403 4189 nequit,
1437 4081 1873 4188 quodidem
1904 4078 2103 4162 rede
2132 4077 2347 4162 tollat
2385 4104 2802 4185 opponens.
2917 4079 3127 4162 Cum
3185 4104 3436 4164 tamen

822 4200 1284 4311 respondens
1318 4192 1738 4277 concedere
1786 4218 2129 4307 nequeat,
2164 4216 2249 4277 ut
2316 4192 2624 4275 tollatur
2669 4197 3155 4300 antecedens,
3223 4200 3440 4309 quod

821 4342 945 4439 per
990 4312 1384 4421 hypothefin
1432 4310 1938 4421 consequente
2004 4308 2293 4395 fiiblato
2344 4336 2505 4390 non
2573 4306 2918 4403 tollitur3
2979 4314 3488 4425 consequen--

824 4440 1018 4519 tiam
1055 4432 1313 4538 utique
1332 4428 1589 4509 denuo
1620 4452 1891 4534 negare
1923 4424 2166 4519 debet.

1043 4549 1117 4617 E.
1138 4570 1242 4637 gr.
1276 4547 1345 4613 Si
1376 4568 1736 4642 opponens
1755 4566 1987 4615 contra
2001 4538 2405 4615 existentiam
2425 4540 2664 4613 mundi
2681 4542 2928 4639 optimi
2943 4540 3076 4615 hoc
3095 4564 3452 4635 argumen-

934 4674 1010 4721 to
1042 4640 1357 4737 insurgit:
1404 4648 1481 4717 Si
1524 4646 1797 4719 nzundus
1839 4646 1921 4737 est
1976 4656 2287 4747 optimus,
2334 4668 2454 4715 non
2485 4644 2731 4719 dantm
2787 4651 2858 4715 in
2897 4670 2962 4715 eo
3011 4646 3186 4717 mala
3205 4646 3456 4745 physica

879 4770 885 4775 ·
934 4750 1015 4829 δ’
1042 4750 1333 4821 moralia.
1432 4744 1567 4819 Sed
1600 4746 1855 4844 salfism
1904 4751 1987 4842 est
2092 4746 2345 4841 fimus.
2447 4748 2618 4845 Ergo
2666 4744 2748 4821 &³
2765 4753 2994 4845 prim,-
3045 4739 3456 4845 respondens

940 4850 1311 4927 concedere
1363 4844 1595 4939 debet,
1654 4844 1901 4925 falsum
1932 4877 1969 4927 e
2024 4874 2087 4935 e,
2114 4844 2299 4945 quod
2330 4854 2405 4919 in
2433 4848 2664 4925 nusndo
2693 4872 2818 4925 mn
2841 4846 3074 4923 dmtur
3101 4848 3276 4921 meda
3289 4843 3456 4947 phy-

948 4964 979 5041 (
994 4948 1200 5041 Wolfii
1230 4954 1487 5048 Logica)
2148 4950 2217 5023 G
2236 4970 2282 5043 g
2298 4970 2460 5044 ggg
3317 4950 3454 5041 fica
