4834 5634
1128 496 1246 603 m*
1295 492 1427 633 (ξε)
1480 493 1597 651 llo*

1219 686 1406 765 cnon
1463 682 1528 765 m.

801 844 908 963 on
942 830 1322 955 muninus
1356 818 1927 945 pnuosonmn
1975 780 1977 787 ’
2020 808 2025 817 ·

480 1234 678 1311 fundamen
718 1196 876 1339 ENtia
894 1248 908 1291 ‚
929 1207 1010 1297 qua
1032 1176 1275 1301 cognoscimus,
1281 1174 1374 1285 sunt
1382 1180 1500 1279 Deus,
1519 1182 1646 1262 anima
1659 1178 1819 1263 humana
1832 1196 2035 1293 accorpm

480 1358 550 1407 tum
557 1339 706 1434 panium
770 1309 841 1424 fia
862 1334 922 1389 res
937 1298 1157 1386 materiales.
1224 1288 1425 1377 Etenimsi
1446 1294 1494 1375 ad
1509 1295 1764 1404 nosmetipsos
1788 1294 2035 1401 attendimus,

481 1431 683 1543 philosophia
720 1430 858 1545 quovis
880 1418 1065 1526 temporis
1089 1428 1292 1495 momento
1316 1407 1428 1493 nobis
1452 1409 1581 1493 sumus
1605 1410 1747 1493 conscii
1769 1438 1897 1491 rerum
1927 1430 2033 1491 extra

721 1574 794 1631 nos
827 1534 1062 1651 prael'cntium
1091 1529 1130 1611 ἀ
1158 1552 1298 1635 organa
1327 1525 1487 1607 sensoria
1516 1526 1641 1635 nostra
1678 1528 2051 1617 commoventium.

719 1657 881 1777 quilibet
895 1644 991 1734 v'ero
1008 1649 1123 1728 etiam
1140 1642 1195 1725 sui
1224 1636 1335 1751 iplius
1352 1638 1525 1724 conscius
1540 1638 1603 1723 cll.
1660 1637 1724 1745 ld,
1743 1644 1848 1753 quol
1865 1644 1905 1721 in
1922 1637 2035 1724 nobis

720 1772 903 1884 suiipsius
919 1764 1115 1849 conscium
1131 1759 1197 1863 est,
1214 1759 1352 1885 dicitur
1359 1766 1506 1841 anima:
1534 1785 1591 1840 res
1607 1778 1738 1839 ceterae
1756 1756 1926 1861 extensae‚
1943 1758 2040 1865 figu-

722 1899 775 1977 ris
791 1892 829 1973 ἃ
845 1879 1105 1992 magnitudine
1121 1901 1142 1957 a
1156 1874 1193 1955 se
1208 1877 1376 1972 invicem
1402 1872 1641 1977 differentes,
1663 1901 1754 1985 quas
1773 1894 1874 1955 extra
1892 1900 1965 1957 nos
1981 1876 2039 1955 in·

722 2030 891 2107 tuemur,
904 2008 1058 2115 co'rpora'
1068 2010 1263 2075 vocantur.
1321 1986 1580 2072 Admittimus
1597 1993 1719 2099 itaque
1735 1988 1876 2099 duplex
1892 1992 2041 2073 entium

726 2150 845 2236 genus
860 2136 1008 2227 corpora
1025 2110 1211 2193 &animai
1220 2102 1402 2189 humanas.
1453 2100 1507 2187 Et
1520 2096 1636 2217 'qtum
1652 2108 1820 2215 primum
1832 2106 2044 2209 statuimus,

727 2262 888 2349 corpora
907 2230 945 2313 u
963 2230 1105 2311 animas
1120 2220 1303 2304 humanas
1322 2248 1402 2303 non
1419 2220 1490 2303 ene
1507 2226 1635 2303 entiaa
1651 2222 1711 2327 se,
1727 2222 1790 2303 scu
1806 2226 1959 2333 propriu
1970 2224 2044 2301 vir-

728 2376 809 2439 tute
827 2370 928 2434 ortas
946 2340 1276 2452 &perseverantes
1293 2366 1306 2433 3
1331 2334 1526 2421 Autorem
1535 2364 1690 2449 quoque
1705 2338 1942 2421 admittimus
1951 2364 2044 2419 cum

731 2492 955 2579 corporum,
969 2480 1053 2542 tum
1070 2458 1304 2557 animarum,
1321 2455 1428 2557 cujus
1445 2456 1584 2534 virtute
1600 2472 1803 2566 utrumque
1817 2460 1965 2537 entium
1981 2480 2047 2561 ge-

735 2614 807 2671 nus
824 2581 896 2667 fuit
918 2568 1163 2689 productum.
1221 2568 1354 2681 Atque
1369 2574 1402 2652 is
1430 2565 1564 2677 Autor
1592 2596 1749 2675 rerum,
1773 2597 1864 2683 quas
1889 2570 2049 2653 existere

738 2701 940 2809 largimur,
961 2694 1096 2779 Dema
1120 2683 1233 2769 nobis
1248 2683 1462 2797 appellatur.
1525 2682 1790 2803 Quamobrem
1808 2692 1936 2792 entia,
1966 2712 2068 2799 quae.

741 2812 1006 2926 cognoscimus
1021 2804 1068 2887 ad
1084 2802 1338 2912 nosmetipsos
1353 2805 1496 2906 attenti,
1505 2823 1705 2919 antequam
1720 2800 2053 2915 philosophamur,

739 2935 823 3019 sunt
839 2928 961 3030 Deus,
979 2927 1111 3007 animae
1133 2916 1308 3002 humanae
1326 2945 1367 3001 ac
1384 2942 1557 3030 corpora

1267 3132 1276 3149 ‘
1328 3148 1359 3239 l·
1413 3138 1478 3245 ⁵⁶·

412 3326 415 3331 ’
513 3326 713 3430 Philosophia
887 3314 976 3396 Tres
990 3308 1072 3395 hinc
1083 3304 1658 3429 enafiunturphilrsiphiaepartes,
1722 3334 1828 3396 arum
1843 3306 2057 3423 medeveo,

511 3441 692 3534 μνωμέ-
752 3425 871 3511 altera
886 3425 929 3511 de
943 3426 1247 3530 animahumana,
1262 3434 1375 3508 tertia
1391 3423 1433 3507 de
1455 3422 1658 3533 corporibus
1688 3455 1732 3509 eu
1745 3432 2056 3515 rebnrmatm'ali·

516 3542 635 3607 naaria.
754 3538 818 3627 bus
832 3550 911 3661 agit
949 3536 1149 3739 QiIoninm
1164 3546 1406 3652 enimpraeter
1422 3538 1958 3645 Deum,nnimashumanasnc
1972 3574 2056 3631 cor·

752 3686 846 3768 pora
865 3663 962 3740 entia
987 3662 1056 3741 aia
1079 3683 1158 3739 non
1188 3658 1455 3764 cognoscimus
1472 3664 1523 3759 (l.
1540 3682 1596 3763 55.
1613 3660 1655 3764 );
1679 3684 1751 3741 nec
1765 3658 1891 3769 pluoes
1907 3662 2058 3771 poliunt

753 3778 931 3857 constitui
947 3796 1069 3883 partes
1084 3771 1335 3885 philosophiae
1350 3772 1396 3857 nb
1412 3771 1705 3887 e0‚quinonnis1
1723 3778 1770 3859 ad
1786 3776 1865 3861 haec
1879 3784 1949 3861 tria
1965 3784 2059 3865 enti-

752 3919 819 3973 um
835 3916 972 3999 genera
984 3889 1152 3973 attendit.

856 4064 944 4130 Non
958 4076 1128 4147 negamus,
1143 4076 1266 4153 praeter
1282 4078 1434 4154 corpora,
1451 4055 1832 4132 animas&Deumentia
1847 4056 2064 4151 alinexillere,

808 4163 923 4235 necin
941 4154 1082 4228 dubium
1091 4180 1256 4244 vocamus,
1267 4182 1339 4254 quae
1356 4155 1396 4227 de
1406 4156 2065 4263 angelorumexistentiamditScriptura

806 4261 903 4348 sacru
919 4256 973 4331 sed
992 4257 1026 4328 id
1041 4256 1278 4331 tantummodo
1289 4252 1572 4357 asserimuuquod,
1584 4284 1760 4361 antequam
1771 4256 2066 4361 philosophamur,

809 4366 851 4437 de
867 4357 1089 4464 philosophice
1108 4356 1237 4459 objeSlo
1248 4354 1380 4431 solliciti
1392 4386 1460 4431 nou
1481 4362 1578 4463 plura
1595 4367 1722 4441 entium
1734 4390 1854 4459 genera
1862 4362 1960 4437 nobis
1969 4368 2065 4443 'mno-

810 4460 934 4538 tescant
948 4488 1071 4564 praeter
1085 4466 1211 4535 animas
1227 4460 1260 4531 ἂ
1276 4484 1418 4559 corpora
1435 4487 1622 4564 eorumque
1639 4472 1800 4539 nutarem
1820 4468 1951 4539 Deum:
1970 4472 2066 4567 cujus

812 4566 980 4643 existentia
995 4568 1148 4667 quamvis
1164 4565 1345 4639 nonduma
1358 4560 1457 4639 nobis
1483 4565 1701 4643 demonstrati
1708 4564 1985 4668 poffit,quamdiu
1995 4574 2068 4669 phi·

1988 4666 2072 4745 loso
