4834 5634
533 258 586 379 ⁰·
649 354 751 495 556
932 250 1083 454 Pan.
1101 340 1167 451 11.
1185 339 1300 449 oo.
1326 337 1421 449 m.
1436 254 1647 501 citasti.

647 584 752 667 enim
768 576 821 657 eli
836 569 1025 654 recensete
1041 565 1137 651 seila
1152 567 1207 675 (i.
1224 565 1351 671 744).
1382 559 1479 664 Ejus
1494 582 1621 650 autent
1639 562 1688 645 de
1703 557 1807 643 facio
1823 554 1965 658 iudicia

649 722 742 781 cum
759 717 838 773 non
853 686 922 770 lint
937 683 1082 769 fudlum
1098 682 1244 792 ipsunt,
1272 680 1379 790 quod
1395 706 1462 787 per
1478 677 1515 758 se
1529 698 1653 787 putem
1666 677 1746 761 haec
1762 674 1890 757 eidem
1897 674 1967 783 qui

652 808 861 909 substituit,
886 807 1047 885 minime
1062 804 1139 907 agit
1152 796 1260 909 quod
1276 797 1327 876 eli
1345 794 1530 875 historici.

733 988 739 1001 ,
758 924 943 995 Neminem
954 914 1031 987 fore
1040 914 1255 1009 arbitror,qui
1263 934 1335 984 non
1343 912 1470 1007 absque
1482 900 1971 1007 probationeinstaraxicmatie

702 1008 973 1128 propofitionem
981 1012 1175 1116 praesentem
1185 1014 1365 1106 largiaturz
1385 1036 1447 1083 nec
1455 1034 1565 1081 tamen
1573 1004 1670 1081 facile
1681 1009 1971 1103 quisquamnege·

706 1129 804 1211 vetit,
814 1120 1036 1192 'historiarum
1051 1114 1286 1187 conditoribus
1300 1113 1386 1183 nlltil
1401 1118 1505 1204 magis
1522 1106 1657 1181 solenne
1675 1102 1755 1193 elle,
1774 1130 1877 1205 quam
1887 1109 1972 1177 utin

706 1217 1142 1318 regulamevidcntiffimam
1160 1220 1363 1313 impingant.
1380 1219 1504 1311 Neque
1521 1212 1603 1283 adeo
1617 1206 1716 1281 facile
1725 1206 1772 1281 eil
1780 1204 1973 1297 ettitateltae¹

603 1370 607 1379 «
709 1324 932 1410 deviationes,
951 1314 1135 1419 pradestim
1152 1342 1229 1389 eum
1246 1312 1419 1387 alieilibus
1436 1311 1523 1384 nihil
1534 1312 1612 1383 date
1622 1306 1904 1409 poffithiiiorieus
1912 1300 1974 1377 nili

711 1427 750 1499 ad
759 1452 812 1499 eas
821 1424 958 1497 delatus.
979 1421 1064 1493 Dedi
1078 1422 1144 1518 jam
1157 1412 1731 1517 insuperioribusexemplum,cum
1742 1408 1856 1482 deiide
1866 1410 1975 1501 digno

710 1524 791 1601 teile
799 1550 907 1597 meam
924 1546 1128 1621 exponetem
1145 1515 1341 1591 lentemiam
1359 1522 1436 1607 (not.
1447 1526 1475 1591 i.
1492 1518 1610 1607 6200:
1632 1516 1755 1586 etenim
1773 1530 1981 1583 communes·

711 1628 890 1727 quoquein
897 1628 963 1695 vita
972 1623 1150 1695 relationes
1160 1622 1240 1693 huie
1248 1644 1343 1693 naevo
1354 1644 1451 1714 quam
1463 1612 1630 1716 sepilltme
1646 1608 1891 1687 obnoxiarum.
1903 1612 1974 1709 Qui

712 1729 953 1801 historicorum
968 1719 1089 1823 scripta
1110 1723 1266 1795 evolvere
1277 1720 1435 1813 dignatur
1445 1740 1544 1814 atque
1554 1742 1605 1803 eo,
1616 1713 1756 1811 quodad
1767 1708 1977 1813 praesensne·

641 1860 644 1866 ·
713 1836 845 1923 gotium
862 1831 1056 1921 requiritur,
1073 1828 1227 1897 acumine
1243 1847 1312 1895 non
1335 1819 1540 1906 destituitur3
1556 1817 1722 1913 itlargam
1738 1814 1976 1915 exemplorum

715 1928 861 2027 segetem
878 1928 987 2001 ubivis
1001 1924 1242 2027 deprehendet,

1230 2122 1272 2236 i·
1308 2148 1399 2231 779¹

428 2318 587 2405 iiiiorica
599 2319 642 2386 cl·
838 2296 1033 2402 Historiam
1044 2298 1187 2379 civilem
1200 2298 1401 2378 conditum
1415 2322 1455 2373 ea
1463 2292 1560 2400 fini,
1588 2316 1631 2373 m
1652 2293 1819 2403 dogmata
1832 2292 1986 2401 politica

428 2415 644 2513 ailisinafian
674 2412 756 2493 inde
769 2414 1021 2518 confirmentur
1034 2440 1077 2493 ac
1087 2418 1268 2517 principia
1303 2413 1500 2516 prudentie
1515 2412 1636 2489 civilis
1652 2406 1733 2491 hanc
1752 2415 1961 2493 deriventur
1967 2442 1986 2507 ,-

430 2522 641 2595 Politicacon-
678 2556 706 2609 L·
722 2526 855 2606 ilatum
872 2523 979 2633 Reip.
996 2528 1132 2635 quovis
1148 2545 1344 2634 tempore,
1372 2544 1435 2629 oui
1448 2520 1515 2603 sub
1539 2527 1675 2633 quovis
1697 2526 1905 2635 imperante
1929 2526 1988 2606 di-

429 2620 542 2695 dom
677 2636 907 2723 llindlifftme
921 2640 1122 2743 describat,
1148 2640 1276 2750 quood
1292 2637 1661 2749 singulampita,quae
1678 2642 1716 2720 in
1733 2636 1891 2723 Politice
1903 2666 1991 2749 per-

677 2754 825 2841 trauan
841 2759 1050 2860 convenit,
1077 2776 1189 2867 atquc
1209 2782 1230 2835 a
1254 2754 1364 2837 nobis
1393 2750 1606 2862 pettmdleti
1632 2752 1813 2839 solertia
1835 2752 1991 2837 Dei'cti·

678 2872 815 2954 bantut
828 2871 975 2975 media,
1001 2870 1138 2983 quibus
1153 2873 1226 2951 ilos
1243 2866 1423 2977 Rettunp.
1442 2866 1514 2950 fuit
1536 2870 1799 2974 conservatus,
1818 2896 1988 2953 necnon

679 3012 712 3095 3.
728 2988 1012 3097 impedimenta,
1040 3015 1122 3099 qua
1138 2987 1264 3067 eidem
1279 2984 1468 3087 obstitere,
1496 3012 1676 3068 unacum
1692 2984 1881 3089 caufis,ob
1894 3014 1989 3097 quos

649 3104 907 3186 'imminutus
951 3129 996 3185 uc
1010 3104 1236 3211 deperditus⁴
1252 3127 1290 3206 4.
1336 3098 1512 3209 lnptintit
1555 3100 1715 3185 fideliter
1732 3101 1992 3185 recenseantur

682 3216 882 3301 molimina
897 3218 1138 3299 summotum
1161 3220 1428 3325 impetentium
1453 3241 1640 3323 unacum
1671 3244 1807 3301 eorum
1836 3242 1989 3301 eventu.

680 3328 768 3415 Hoc
784 3339 929 3413 tatione
944 3333 1010 3415 nbi
1028 3334 1234 3441 conscripta
1259 3329 1374 3413 fucrit
1388 3330 1565 3437 historia,
1608 3334 1725 3416 finem
1739 3338 1929 3417 intentum
1951 3355 1993 3418 te

682 3448 866 3560 consequi
880 3448 984 3555 polle
1001 3449 1161 3531 dubium
1186 3445 1334 3529 nullum
1358 3448 1529 3555 superest.

847 3576 1002 3662 Etenim
1020 3588 1058 3662 in
1077 3578 1238 3666 Politice
1255 3584 1452 3689 docemus,
1471 3588 1624 3695 quinam
1640 3581 1753 3666 ssatus
1777 3579 1885 3693 Reipi
1894 3582 1994 3667 bene

685 3696 890 3780 constitute
908 3696 979 3777 elie
995 3697 1126 3779 debeat
1143 3695 1417 3810 &quibusnam
1442 3700 1577 3781 mediis
1596 3695 1638 3779 fit
1660 3700 1938 3783 conservandus
1952 3728 1996 3781 uc

685 3812 869 3920 collapsus
887 3814 1149 3904 instaurandus.
1196 3814 1461 3929 Qtatnobtem
1488 3813 1514 3897 fi
1538 3814 1702 3895 divetlits
1726 3810 1909 3926 Retump.
1927 3818 1997 3899 ila·

685 3950 769 4031 tus,
783 3926 902 4040 qualis
909 3927 1000 4033 ltoc,
1007 3927 1067 4011 vel
1077 3930 1149 4010 iilo
1156 3951 1330 4041 tempore
1348 3924 1473 4034 fuerit,
1490 3950 1658 4012 accurate
1680 3930 1997 4033 deictibitur,una

687 4068 777 4127 cunt
796 4042 951 4147 mediis,
968 4044 1105 4157 quibus
1121 4046 1280 4129 floridus
1295 4045 1431 4150 evasit,
1459 4068 1569 4158 atque
1593 4047 1895 4155 impedimentiS,
1913 4075 1997 4157 quae

685 4160 813 4242 eidem
830 4158 1072 4266 obstiterunt,
1101 4184 1171 4243 nee
1186 4184 1266 4245 non
1281 4158 1396 4244 cauis
1412 4191 1501 4243 eum
1516 4160 1803 4269 depravantibus
1814 4164 1998 4268 3dogtna-

686 4293 768 4356 ium
807 4273 1055 4383 politicorum
1097 4300 1233 4382 gnotus
1278 4276 1477 4379 iudicabit,
1506 4282 1659 4386 quinam
1678 4280 1815 4361 iisdem
1838 4274 1939 4361 cous
1980 4328 1999 4347 -

687 4392 762 4478 nis
777 4386 911 4498 fuerit,
926 4396 1082 4509 quinam
1096 4388 1143 4477 ab
1157 4391 1233 4477 illis
1249 4392 1461 4500 abhorrat,
1488 4390 1761 4505 consequenter
1769 4395 1896 4480 eidem
1904 4394 1998 4479 hinc

1905 4537 2000 4597 con·
