4834 5634
606 526 675 617 20
927 506 1035 643 Cap.
1050 481 1118 612 II.
1152 502 1235 613 De
1262 501 1574 646 Philosophia

611 731 674 816 vel
689 721 753 816 siat
768 735 818 843 (s.
834 734 911 842 6.),
926 734 1098 847 adeoque
1105 730 1369 817 conditionem
1386 736 1492 817 istam
1508 736 1694 845 perspicit,
1703 732 1769 819 sub
1778 761 1850 848 qua
1858 734 1926 821 alia

616 851 771 962 quidde
786 872 871 931 ente
894 850 1328 961 quodamenuuciatur,
1366 854 1636 963 consequenter
1678 853 1922 963 praedicatum

616 992 696 1049 non
709 965 838 1047 tribuit
854 969 931 1048 enti
947 965 1079 1069 obvio,
1095 962 1161 1045 nist
1190 964 1256 1045 ubi
1284 968 1546 1050 conditionem
1579 969 1684 1049 islam
1709 966 1926 1076 praesentem

616 1084 799 1191 perspicit.
853 1078 896 1162 In
911 1080 1158 1192 applicatione
1173 1084 1288 1188 igitur
1305 1110 1454 1187 eorum,
1471 1112 1637 1195 quorum
1661 1082 1929 1193 philosophica

617 1196 729 1283 nobis
746 1198 1006 1303 cstcognitiO,
1031 1224 1110 1277 non
1126 1193 1351 1280 aberramus.
1396 1196 1608 1297 Enimvero
1626 1197 1691 1280 ubi
1709 1197 1935 1281 historicam·

616 1311 744 1395 saltem
760 1318 1021 1419 cognitionem
1038 1309 1244 1415 habentus,
1269 1314 1316 1394 ad
1344 1316 1608 1397 conditionem
1624 1315 1730 1395 illam
1746 1311 1808 1395 vel
1823 1340 1933 1424 pror-

617 1428 677 1510 sus
693 1454 773 1508 non
788 1429 1034 1531 attendimus,
1062 1423 1122 1509 vel
1139 1429 1346 1510 minimum
1361 1457 1442 1512 non
1458 1435 1641 1537 integram
1663 1429 1931 1539 perspicimus,

620 1573 711 1627 cum
727 1541 775 1625 stc
791 1542 918 1625 saltem
934 1546 1098 1647 constet,
1115 1539 1236 1653 aliqua
1264 1543 1335 1625 esse
1351 1544 1412 1627 vel
1437 1547 1519 1627 fieri
1533 1545 1657 1654 posse,
1696 1570 1935 1656 nequaquam

619 1685 713 1741 vero
729 1687 796 1739 cut
813 1658 912 1764 fieri,
941 1655 1002 1741 vel
1019 1658 1089 1740 etse
1106 1678 1242 1765 queant
1269 1662 1329 1767 (t.
1351 1662 1430 1768 7.)
1508 1659 1612 1742 Fieri
1629 1662 1726 1741 adeo
1742 1659 1935 1767 saepissime

621 1772 737 1877 solet,
752 1795 793 1855 ut
815 1779 854 1853 in
870 1774 994 1858 obviis
1011 1780 1094 1855 vita
1110 1772 1284 1855 humana
1300 1775 1440 1858 casibus
1458 1781 1536 1858 enti
1566 1775 1676 1857 alicui
1701 1774 1934 1877 tribuamuS‚

623 1888 769 1971 absente
787 1890 851 1970 ista
868 1893 1112 1996 conditione,
1142 1885 1208 1968 sub
1225 1916 1297 2000 qua
1315 1892 1441 1972 cidem
1457 1895 1662 1999 competit,
1700 1891 1932 2001 consequen·

622 2026 679 2087 ter
694 2005 800 2116 quod
816 2005 942 2089 eidem
958 2008 1116 2089 minime
1130 2010 1324 2112 competit.
1417 2002 1460 2087 ln
1474 2006 1724 2115 applicatione
1743 2010 1935 2113 igitureo-

625 2150 724 2225 rum,
742 2146 907 2232 quorum
922 2120 1185 2231 philosophica
1200 2123 1421 2227 cognitione
1438 2121 1688 2224 destituimur,
1725 2119 1856 2229 sapius
1871 2117 1934 2202 ab·

521 2284 524 2289 f
627 2257 778 2317 erratur.
837 2234 991 2318 Certior
1005 2240 1130 2346 itaque
1152 2234 1333 2319 successus
1350 2237 1400 2317 est
1417 2240 1457 2316 in
1479 2234 1728 2346 applicatione
1744 2232 1937 2343 cognitio-

628 2356 687 2432 nis
701 2349 995 2459 philosoplriaae,
1012 2377 1126 2459 quam
1142 2346 1337 2433 historica.

729 2462 983 2538 Aberrationem
999 2464 1092 2539 istam
1113 2464 1305 2567 quotidiana
1320 2468 1472 2562 loquitur
1488 2468 1700 2569 experientia.
1710 2468 1881 2537 Uttamcn
1891 2462 1939 2537 di-

677 2558 730 2637 &a
744 2563 865 2637 clarius
880 2568 1126 2665 intelligantur,
1142 2562 1328 2661 praesertim
1343 2594 1421 2641 cum
1434 2596 1458 2641 n
1471 2568 1588 2641 indum
1604 2568 1723 2640 tradita
1733 2566 1938 2663 fin13quaein

680 2662 1941 2769 demonstrationepraesupponunmr,lubetunoalteroqueexemploerdem

681 2764 854 2838 iilustrare.
907 2772 1007 2862 Ege.
1026 2770 1116 2844 videt
1131 2772 1207 2866 quis
1224 2766 1374 2843 surculos
1390 2771 1720 2845 rorismarinialrero
1731 2765 1940 2843 suiextremo

681 2869 716 2938 in
733 2891 858 2941 terram
874 2867 999 2944 defixos
1016 2871 1143 2945 radices
1159 2895 1256 2963 agere
1271 2893 1371 2969 atque
1389 2876 1423 2943 in
1441 2869 1598 2946 fruticem
1615 2866 1809 2944 excrescere.
1846 2874 1941 2945 Eun·

682 2967 759 3042 dem
780 2994 939 3045 eventum
955 2972 1012 3047 fibi
1021 2975 1056 3045 in
1072 2977 1232 3051 arborum
1242 2998 1518 3071 quarumcunque
1526 2970 1665 3047 surculis
1674 2974 1885 3071 promittens,
1893 2974 1940 3045 ir·

682 3074 749 3146 rito
769 3096 892 3145 conatu
914 3074 1003 3149 idem
1024 3096 1143 3150 tentat·
1168 3078 1350 3146 Enimvero
1367 3078 1424 3171 qui
1447 3079 1482 3147 in
1498 3080 1663 3150 rationem
1673 3074 1822 3169 inquirit,
1833 3070 1938 3145 curid

682 3175 719 3245 in
735 3200 813 3247 rore
827 3178 959 3249 marino
976 3174 1146 3258 succedat,
1169 3199 1311 3273 eamque
1330 3180 1474 3273 reperit,
1498 3180 1525 3248 ir
1541 3180 1635 3250 novit
1649 3174 1879 3265 conditionem
1896 3172 1938 3247 td
1974 3256 1983 3265 ⁶

683 3269 860 3353 successum
876 3270 1448 3377 requifiram,c0nsequentereadem
1457 3274 1588 3351 absente
1604 3274 1750 3348 eundem
1764 3274 1826 3349 srbi
1840 3276 1936 3351 mini·

682 3404 737 3452 me
754 3385 953 3478 promittens
967 3380 1008 3453 ab
1027 3382 1124 3455 irrito
1139 3374 1409 3451 laborcabstinet.
1421 3382 1610 3477 Augustiana
1626 3375 1934 3465 Mandanaordi-

681 3485 920 3555 nisMinorum
937 3480 1153 3575 &Francisci
1169 3475 1326 3573 singulari
1341 3476 1629 3556 artificioerfoliis
1645 3482 1774 3553 citrinis
1792 3478 1826 3551 a
1842 3476 1935 3553 limo·

681 3586 746 3655 niis
756 3582 890 3656 arbores
906 3585 1068 3657 educavit.
1102 3579 1167 3652 utsr
1176 3580 1265 3652 idem
1274 3586 1541 3679 experimentum
1551 3584 1586 3653 in
1603 3582 1783 3653 Germania
1800 3602 1938 3679 quoque

679 3686 936 3758 noninseliciter
954 3680 1059 3756 fuerit
1075 3691 1250 3770 iteratum,
1282 3681 1463 3782 apim-ibus
1492 3707 1603 3757 tamen
1631 3676 1753 3753 frustra
1773 3703 1939 3753 tentamm

678 3810 857 3886 propterea
875 3784 980 3884 quod,
995 3786 1117 3859 latente
1127 3788 1318 3875 cognitione
1335 3809 1477 3884 praxeos
1498 3780 1940 3883 philosophicainapplica·

678 3890 772 3959 tione
782 3889 976 3982 regularum
987 3884 1364 3960 aularzdiroladatarum
1381 3887 1570 3959 aberratum
1587 3882 1666 3957 fuit.
1695 3890 1734 3957 ln
1751 3883 1938 3957 moralibus

681 3983 1571 4088 &politiciscoguitiophilosophicrhasienustantum
1582 4013 1652 4061 non
1669 3981 1807 4083 prorsus
1823 3982 1935 4077 negle-

680 4086 741 4162 ἃα.
790 4092 949 4166 Testatur
963 4116 1044 4165 vcro
1061 4092 1281 4188 experientia,
1303 4116 1403 4190 quam
1420 4088 1541 4161 dubius
1559 4095 1591 4163 in
1609 4084 1772 4161 iisdemsrt
1786 4106 1936 4173 eventus,

678 4193 804 4267 etiamst
822 4192 891 4267 aila
904 4220 1002 4288 agere
1016 4190 1206 4268 intendunt.
1231 4188 1461 4266 Misericordia
1479 4188 1591 4265 miseri
1607 4192 1786 4281 tangimur,
1801 4188 1936 4277 cognita

678 4295 747 4389 ejus
763 4292 902 4371 miseria.
953 4302 1111 4389 Ignorata
1127 4299 1264 4380 ratione,
1273 4294 1423 4394 adeoque
1433 4282 1936 4388 cognitionephilosophieade·

677 4394 1007 4485 ficiente,miserisrbi
1016 4391 1224 4497 persuadent,
1236 4390 1268 4467 se
1276 4396 1357 4471 alios
1367 4395 1407 4468 ad
1425 4393 1685 4468 misericordiam
1698 4406 1941 4489 permutatos,

673 4490 741 4589 sula
757 4498 893 4575 miseria
909 4498 1124 4601 expofitione.
1178 4502 1281 4595 Spem
1297 4525 1377 4575 vero
1395 4492 1683 4571 falliteventur:in
1698 4488 1769 4562 aliis
1786 4492 1941 4567 enimen-

672 4592 767 4701 fibus·
779 4600 888 4679 deficit
902 4596 1144 4693 misericordia,
1167 4604 1204 4679 in
1220 4596 1292 4676 aliia
1310 4596 1456 4678 irrisioni
1471 4599 1565 4675 locus
1591 4594 1645 4673 est
1712 4588 1942 4767 Q¹⁰dfiffi⁰

1823 4720 1846 4795 P
