4834 5634
662 630 745 763 De
760 588 1082 773 dijudicandis
1098 604 1253 741 librir
1264 635 1566 781 dogmaticis.
1673 644 1768 778 619

407 832 424 879 ³
457 858 599 965 samu,
615 882 691 979 qrae
701 854 854 975 probari
869 838 1063 945 deltiana
1098 856 1140 942 Si
1155 860 1435 971 propofitiones
1453 850 1592 949 fuerint
1606 865 1767 955 demon·
1779 869 1963 966 firntunrur,

442 974 641 1079 ‘strativae,
661 972 859 1077 intelledlis
873 980 1043 1059 terminis
1058 978 1233 1059 nondum
1248 999 1369 1087 patet,
1385 1001 1512 1063 utrum
1527 982 1767 1091 predicatum
1788 972 1990 1073 quaproinrt

407 1110 421 1123 ··
465 1086 639 1191 lubjedlo
654 1084 875 1193 conveniat,
890 1118 1021 1175 necne
1037 1092 1096 1199 (§.
1114 1096 1252 1203 262),
1277 1096 1547 1209 consequenter
1563 1126 1643 1181 non
1659 1125 1769 1209 appa-
1791 1072 1910 1148 ΜΨ·

451 1204 544 1311 fret,
560 1226 689 1291 utrum
703 1206 913 1317 proposttio
928 1234 1015 1289 veta
1026 1206 1081 1312 fit,
1091 1235 1137 1288 an
1154 1206 1239 1290 falsa
1256 1216 1278 1317 (
1287 1210 1316 1317 d.
1331 1214 1458 1320 505.)
1491 1210 1548 1299 Ut
1564 1214 1660 1296 adeo
1675 1241 1772 1295 con·

464 1322 558 1435 stet,
574 1340 704 1420 utrum
720 1349 808 1403 vera
822 1320 885 1426 stt,
903 1350 1058 1427 necne,
1073 1320 1392 1407 demonstratione
1408 1353 1507 1436 opus
1526 1332 1578 1410 est
1602 1330 1662 1436 (§.
1679 1352 1770 1434 544.

416 1458 420 1465 '
467 1438 595 1545 557.)
649 1434 863 1520 Enimvero
879 1443 1067 1520 axiomata
1085 1439 1122 1520 dt
1141 1439 1323 1549 postulata
1337 1442 1681 1528 indemonstrabilia
1689 1444 1772 1525 sunt
1859 1540 1861 1545 Ι

453 1552 535 1661 ·(§2
548 1554 635 1657 267.
651 1556 794 1663 269.),
819 1554 991 1665 adeoque
1006 1582 1055 1635 ex
1071 1560 1240 1637 terminis
1257 1555 1447 1638 manifesta
1471 1561 1532 1667 (§.
1546 1559 1664 1665 262.)
1683 1586 1773 1667 pto·
1855 1550 1858 1559 ’
1920 1656 1922 1663 Ι

471 1664 626 1751 batione
641 1666 742 1751 nulla
756 1670 939 1776 indigent.
997 1666 1079 1792 Qui
1097 1675 1211 1777 igitur
1225 1672 1501 1780 propolitiones
1516 1675 1775 1755 demonstrati-

418 1842 423 1853 ·
473 1808 542 1867 vas
557 1786 597 1865 in
607 1794 810 1867 numerum
827 1790 1064 1869 axiomatum
1080 1786 1118 1867 dt
1134 1784 1409 1895 postulatorum
1422 1787 1555 1893 refert,
1572 1796 1604 1871 is
1620 1815 1681 1871 eas
1691 1787 1773 1867 nul-

465 1894 511 1981 ·la
524 1896 748 2007 probatione
761 1902 931 2009 indigere
948 1900 1101 2007 censet,
1127 1921 1239 2016 atque
1255 1903 1351 1985 adeo
1373 1901 1449 1987 fine
1471 1904 1697 2015 probatione
1718 1917 1775 1983 lu-

468 2018 663 2127 mit,‘quae
678 2014 831 2126 probari
846 2015 1040 2099 debebant.
1344 2032 1346 2037 '
1530 2036 1532 2043 ·

551 2128 737 2231 ¹·'Exnmpla
751 2126 938 2209 abvia⁴sunt
953 2136 990 2205 in
1011 2156 1133 2206 eorum
1153 2126 1310 2231 seriptis,
1332 2138 1390 2232 qui
1405 2134 1567 2208 methodo
1585 2137 1777 2209 Geometrit

444 2268 480 2333 ps.
519 2230 658 2333 recepta
671 2230 999 2333 libroalconscr-ibere
1017 2232 1084 2307 aufi
1106 2226 1207 2325 sunt,
1231 2258 1309 2307 eum
1333 2232 1485 2308 methodi
1504 2238 1595 2308 illius
1616 2239 1778 2309 interiora

431 2339 457 2420 ·’,ῑ’
467 2354 482 2409 :2
501 2338 670 2411 'minime
683 2334 864 2415 habuerint
878 2329 1068 2436 perspelba,
1081 2334 1155 2407 idea
1170 2334 1496 2409 demonstrationum
1512 2334 1778 2411 nonnihinuom

437 2453 501 2497 -ϊ-“
524 2436 620 2541 plera
632 2440 752 2511 animia
767 2432 919 2536 iplorum
933 2438 1124 2513 inherente.
1151 2440 1323 2539 Quoniam
1336 2462 1417 2511 vero
1432 2436 1564 2511 abunde
1575 2437 1773 2521 docuimus,

476 2552 480 2557 '
517 2532 664 2638 'quando
678 2538 926 2638 propohtionea
941 2536 1003 2611 fint
1025 2538 1335 2613 indemonstrabiles
1357 2536 1409 2639 (§.
1425 2544 1501 2637 263.
1519 2544 1624 2637 264.)
1645 2542 1783 2637 &qute-

457 2688 470 2705 ·
527 2664 609 2715 nam
626 2645 662 2712 in
672 2664 854 2713 numerum
864 2634 1636 2740 axiomatumrepostulatorumreferridebeam
1647 2646 1693 2734 (§.
1704 2644 1781 2723 268.

415 2770 427 2783 .
453 2734 468 2789 ’-
529 2764 614 2833 270.
629 2740 664 2813 dt
678 2737 766 2841 seqq.
777 2747 809 2833 );
825 2741 915 2813 haud
930 2766 1098 2841 quaquam
1113 2738 1248 2814 difficile
1264 2744 1327 2814 erit
1342 2745 1379 2816 in'
1394 2734 1468 2827 casu
1488 2742 1780 2840 datbdijudicate,

531 2870 617 2919 num
633 2866 730 2919 autor
744 2841 990 2945 propositiones
1008 2840 1281 2917 demonstrativas
1296 2846 1331 2915 in
1347 2844 1624 2933 axiomatum,vel
1636 2842 1789 2943 postula-'-

532 2966 650 3021 torum
663 2970 845 3045 numerum
866 2942 998 3019 referat.
1048 2942 1089 3017 E.
1105 2969 1158 3037 gr,
1183 2948 1317 3041 Siquis
1339 2942 1543 3019 existentiam
1559 2949 1624 3019 Dei
1643 2947 1782 3017 demon·

533 3042 697 3121 straturus
712 3048 874 3120 methodo
890 3048 1124 3119 mathematica
1138 3050 1226 3118 inter
1238 3049 1402 3119 axiomata
1416 3042 1538 3135 refert,
1560 3072 1581 3117 1.
1601 3046 1680 3118 dari
1696 3048 1781 3119 ordi·

532 3174 610 3229 mm
621 3152 780 3241 unimſs,
796 3172 829 3221 2.
847 3149 990 3221 ordinem
1005 3151 1145 3239 uniuerfi
1156 3149 1212 3243 effe
1226 3148 1453 3245 contingentem
1460 3176 1474 3231 ;
1489 3150 1516 3217 is
1531 3146 1599 3218 fine
1614 3146 1784 3242 probatio·

495 3238 507 3261 ⁸
532 3242 585 3321 'ne
599 3242 714 3339 sumit,-
728 3276 802 3346 quae
817 3254 953 3347 quidem
970 3274 1046 3321 vera
1062 3244 1164 3330 sunt,
1186 3270 1328 3319 attamen
1343 3247 1410 3319 fine
1425 3246 1627 3346 'probatione
1644 3273 1706 3319 nec
1726 3272 1785 3345 pa·
1801 3244 1805 3251 ’

538 3372 634 3441 rent,
654 3376 716 3423 nee
734 3352 774 3423 ab
790 3352 889 3423 atheo
912 3349 1153 3425 conceduntur.
1207 3347 1405 3443 Utrumque
1427 3343 1726 3425 demonstrabimus
1749 3350 1786 3418 in

535 3446 772 3549 Cosnaologia:
795 3451 854 3523 ubi
873 3450 1070 3553 apparebit,
1095 3475 1197 3546 quam
1214 3448 1318 3523 multa
1335 3450 1367 3521 dt
1387 3446 1558 3521 recondita
1574 3473 1660 3549 opus
1676 3445 1714 3519 fit
1729 3446 1787 3518 do·

452 3628 456 3636 ,
536 3548 662 3645 Ruina,
675 3576 854 3651 antequam
868 3578 1012 3653 utraque
1037 3548 1223 3651 propofitio
1249 3548 1506 3624 demonstrativa
1527 3554 1657 3627 ratione
1678 3552 1789 3623 evinci

429 3654 459 3746 ,ζ
536 3652 651 3757 pollit.
684 3654 812 3752 Qtodsr
827 3678 909 3729 vero
926 3660 1002 3753 quie
1019 3650 1318 3726 demonstrationes
1332 3648 1506 3751 profunde
1521 3648 1790 3752 haustaa.capere

433 3760 455 3793 '‘
513 3748 675 3853 ²nequit3
690 3760 717 3828 is
732 3778 845 3828 tamen
862 3755 1082 3854 probabiliter
1097 3781 1115 3827 e
1137 3755 1232 3827 adem
1248 3751 1417 3826 adstruere
1434 3752 1531 3827 debet
1547 3777 1556 3827 t
1582 3778 1650 3850 quo
1666 3759 1700 3827 in
1717 3748 1790 3824 casu

460 3858 463 3865 '
540 3854 710 3931 existentia
724 3862 787 3929 Dei
805 3858 923 3930 exinde
940 3782 1177 3930 tantummddo
1196 3854 1418 3955 probabiliter
1432 3856 1595 3954 probatur
1607 3859 1624 3945 (
1633 3853 1666 3947 §.
1677 3858 1794 3947 586.),

539 3956 598 4033 'etsi
610 3960 765 4061 probatio
784 3955 922 4030 sufficiat
938 3959 980 4030 ad
997 3954 1159 4031 assensum
1173 3957 1412 4056 imperandum
1429 3956 1515 4031 bene
1530 3954 1732 4053 multis,qui
1745 3958 1795 4031 in·

516 4148 520 4153 Ι
541 4078 738 4137 terrenum
754 4058 979 4161 &probabile
997 4057 1200 4153 distinguere
1215 4085 1287 4135 non
1305 4059 1504 4153 didicerunt

740 4274 746 4285 ,
1081 4198 1114 4305 d.
1143 4198 1225 4294 861.
1287 4264 1290 4271 .

615 4326 659 4410 Si
671 4321 938 4447 qaisjuditium
962 4330 1205 4433 inminutam,
1228 4322 1323 4445 qaod
1343 4332 1571 4445 experientior
1587 4330 1728 4408 minime
1742 4320 1799 4404 ab·
1821 4334 2018 4441 Altmcasus.

492 4447 561 4531 nia
584 4438 715 4541 debet,
742 4450 780 4525 itt
802 4470 988 4525 numerum
1020 4454 1242 4527 axiomatum
1265 4504 1279 4546 ,
1308 4456 1363 4523 aet
1379 4444 1638 4559 postulatarum
1662 4438 1802 4541 reflat,-

493 4566 529 4647 r't
531 4558 614 4667 stre
622 4554 833 4675 probmione
844 4556 976 4661 sumit,
990 4558 1085 4677 quod
1091 4552 1247 4677 probari
1270 4553 1382 4640 debet.
1436 4552 1515 4669 Qai
1541 4556 1588 4637 ad
1608 4560 1805 4669 experien-

486 4678 779 4791 ftiuummme
798 4670 955 4761 obviam
976 4692 1167 4872 provoeap
1177 4738 1191 4777 ‚
1227 4677 1259 4755 is
1282 4679 1409 4757 calum
1429 4668 1652 4781 singularem
1672 4672 1838 4757 afferre]
1938 4754 1951 4779 ⁸

1175 4792 1292 4877 iiia
1704 4806 1809 4871 tene-
