4834 5634
580 519 653 663 '78
1020 474 1501 655 CapVAEestylo'

581 746 769 829 contineri
784 741 953 845 debent,
994 764 1111 853 quam
1125 766 1208 851 qua
1225 738 1412 827 sufficiunt
1431 736 1479 819 ad
1494 728 1894 824 revoundum'oeterr
1918 782 1923 789 ·

584 867 626 946 in
642 863 869 958 memoriam
883 859 931 945 ad
950 858 1145 948 ratiocinia
1161 853 1389 963 complenda
1406 850 1574 965 requisita
1591 854 1645 961 (h.
1665 854 1894 960 123.),con·

584 979 779 1091 sequenter
794 1002 875 1087 que
903 972 952 1053 ad
975 968 1337 1053 demonstrationem
1360 974 1490 1051 animo
1507 964 1797 1078 concipiendam
1820 964 1896 1053 sus-

584 1096 738 1188 fieiturtr
766 1118 837 1173 nec
854 1092 980 1171 minue
996 1112 1064 1196 per
1081 1084 1118 1164 se
1133 1104 1246 1193 patet,
1256 1084 1527 1191 ubidoccmns,
1542 1086 1745 1197 quomodo
1754 1082 1899 1199 aliquid

587 1209 737 1293 anobis
758 1208 839 1288 sieri
856 1204 992 1314 poffrt,
1021 1227 1100 1283 non
1115 1198 1222 1311 plura
1239 1203 1314 1285 dici
1329 1200 1479 1304 debere,
1509 1228 1624 1313 quam
1641 1198 1780 1313 quibus
1788 1198 1898 1287 faffis

587 1331 776 1409 intentum
791 1320 1082 1431 consequamur:
1116 1320 1231 1426 igitur
1254 1344 1333 1397 non
1356 1314 1525 1427 pluribus
1549 1345 1646 1426 opus
1673 1318 1724 1398 est
1751 1316 1899 1422 verbis,

535 1514 538 1519 .
587 1469 703 1557 qnam
718 1465 799 1551 qne
815 1438 861 1517 ad
878 1462 920 1516 ea
937 1432 1133 1517 indicanda
1148 1432 1355 1537 sufficiunt,
1385 1461 1464 1543 qua
1483 1433 1529 1523 ad
1545 1432 1801 1538 definitiones,
1809 1459 1897 1545 pro-

533 1586 544 1596 ·
587 1556 792 1670 politiones
827 1553 1109 1654 determinatas,
1130 1548 1468 1639 demonstrationes
1483 1575 1614 1631 earum
1629 1550 1668 1631 or
1682 1548 1895 1659 problema-

589 1698 675 1758 tum
695 1668 941 1762 reibiutioncs
956 1665 1020 1745 seu
1037 1663 1221 1768 modum,
1238 1692 1318 1777 quo
1333 1666 1427 1777 quid
1443 1665 1527 1747 fieri
1542 1664 1687 1771 debeat,
1700 1669 1898 1777 requirun-

590 1813 661 1873 tnr.
723 1785 806 1901 Qri
821 1810 900 1869 non
916 1778 1085 1891 pluribus
1103 1784 1221 1867 utitur
1236 1778 1373 1886 verbis,
1389 1786 1422 1863 is
1436 1786 1632 1865 veritatem
1643 1780 1746 1863 nude
1754 1806 1901 1892 propo·

590 1913 657 1988 nit.
714 1897 838 1987 Verba
853 1892 983 1981 mrtem
994 1903 1148 2013 propria
1165 1896 1261 2001 sunt,
1288 1895 1498 2009 quae‘rebus
1514 1898 1603 2003 istis,
1632 1896 1901 2007 dequibusad-

591 2022 790 2121 hibentur,
806 2012 1052 2123 significandis
1071 2011 1305 2103 destirrantur.
1363 2007 1629 2141 anrobrehr
1645 2010 1672 2097 sr
1687 2038 1767 2095 non
1782 2010 1903 2123 plut-

590 2137 662 2228 bus
681 2134 866 2217 utendum
878 2129 932 2210 est
949 2128 1094 2233 verbis,
1130 2155 1245 2247 quam
1267 2154 1349 2241 qne
1367 2131 1483 2215 animi
1508 2130 1625 2215 nostri
1648 2126 1899 2239 ,conceptibus

590 2252 696 2336 alteri
713 2244 958 2355 ignifieandis
1001 2237 1211 2349 sufficiunt,
1244 2242 1572 2358 quemadmodum
1597 2242 1748 2331 anobis
1775 2242 1902 2332 modo

589 2367 663 2454 fuit
678 2362 867 2469 euidhnrrr
900 2356 1023 2441 verbis
1038 2362 1169 2470 utique
1187 2360 1373 2447 utendum
1392 2362 1462 2445 erit
1479 2358 1907 2473 propriistemadhuc,

590 2484 696 2569 aliter
712 2478 920 2560 ostenditur
932 2472 1011 2567 hoe
1027 2480 1160 2557 modu.
1230 2472 1273 2561 In
1287 2473 1529 2585 philosophia
1544 2506 1624 2559 non
1648 2476 1836 2592 quendum
1847 2473 1912 2558 ess-

591 2599 764 2682 terminis
778 2590 845 2674 nist
859 2608 1026 2676 accurata
1042 2588 1262 2681 definitione
1277 2590 1470 2701 explicatis
1486 2594 1536 2703 (ς.
1554 2594 1672 2702 ιι6.),
1689 2617 1903 2675 neearece·

591 2736 661 2828 pto
679 2708 883 2797 verborum
899 2704 1104 2813 significatu
1119 2707 1172 2788 est
1188 2707 1441 2789 recedendum
1458 2708 1506 2819 (§.
1524 2710 1648 2816 142),
1664 2708 1838 2821 adeoque
1853 2704 1905 2791 de

593 2828 706 2922 rebus
721 2822 894 2931 lingulis,
923 2819 1115 2933 dequibus
1135 2819 1246 2905 nobis
1264 2822 1386 2905 setrnro
1397 2822 1461 2927 est,
1491 2825 1676 2907 utendum
1693 2824 1745 2905 est
1763 2821 1906 2931 verbis,

595 2973 677 3059 qua:
693 2946 738 3024 iis
748 2937 993 3051 significandis
1003 2935 1077 3021 live
1093 2967 1142 3019 ex
1159 2942 1367 3023 intentione
1387 2938 1607 3050 philosophi
1623 2937 1810 3049 (§.146.)‚
1828 2936 1904 3024 five

595 3093 643 3146 ex
660 3059 861 3141 communi
877 3052 1058 3164 loquendi
1074 3054 1344 3135 consuetudine
1362 3056 1613 3163 destinantur,
1629 3056 1903 3171 consequenter

592 3177 757 3296 propriis
771 3199 838 3283 per
853 3169 1115 3252 definitionem
1130 3170 1253 3269 modo
1270 3170 1453 3261 traditam.

693 3296 807 3367 Immo
822 3283 916 3387 quod
929 3284 984 3357 hic
1000 3290 1210 3389 praecipitur,
1235 3281 1399 3387 supreme
1413 3288 1481 3383 legi
1495 3284 1572 3387 styli
1587 3282 1815 3389 philosophici
1824 3312 1905 3364 con·

644 3389 855 3477 stanneum,
880 3411 955 3486 qnae
973 3388 1099 3466 nutrius
1115 3390 1165 3473 rei
1180 3388 1314 3461 alterius
1329 3394 1493 3467 rationem
1509 3386 1626 3463 haberi
1636 3386 1739 3483 jubet,
1752 3410 1903 3488 quarunt

643 3494 740 3567 alteri
752 3493 854 3562 animi
871 3484 975 3560 nostri
992 3484 1081 3561 sensa
1094 3494 1288 3591 aperiantur
1296 3494 1339 3584 (§.
1350 3494 1434 3583 ¹4¹·)·
1486 3490 1650 3591 Exemplo
1659 3514 1796 3591 quoque
1805 3488 1905 3564 nobie

643 3592 719 3673 sunt
735 3590 776 3663 ab
792 3586 1021 3687 antiquissimis
1037 3592 1247 3690 temporibus
1265 3595 1475 3679 Geometrae,
1493 3596 1552 3691 qui
1567 3590 1695 3667 nonnis
1702 3591 1816 3665 verbis
1825 3616 1906 3691 pro·

643 3700 728 3874 priis
743 3690 811 3776 usr,
825 3716 885 3763 nec
900 3689 1070 3791 pluribus,
1096 3717 1196 3793 quam
1214 3716 1287 3790 quie
1302 3694 1343 3765 ad
1353 3698 1526 3768 veritatem
1536 3694 1625 3768 nude
1641 3691 1906 3793 proponendam

659 3792 792 3869 officere
805 3792 1109 3891 deprehenderunt.
1160 3792 1231 3868 Ubi
1247 3798 1338 3871 enim
1354 3794 1695 3884 niiintendimus‚nih
1710 3793 1904 3867 ntalterum
1926 3815 1929 3822 ·

642 3900 839 3984 doceamus,
865 3894 958 3969 nulia
972 3894 1019 3969 est
1033 3899 1135 3986 ratio,
1161 3922 1224 3973 eur
1237 3897 1299 3969 aiia
1316 3896 1539 3971 adhibeantur
1553 3895 1655 3971 verba
1669 3896 1899 3995 iisquepiura,

643 4023 745 4103 quam
761 4024 834 4098 quae
851 3997 996 4071 adhunc
1012 3994 1149 4097 scopum
1165 3993 1346 4073 sufficiunt.
1373 3996 1597 4100 Philosophus
1605 3993 1726 4085 scribit,
1734 4019 1773 4070 ut
1787 3990 1899 4095 prosit,

644 4126 718 4177 non
732 4122 771 4173 ut
785 4093 998 4202 persuadear,
1023 4100 1310 4197 quemadmodum
1326 4111 1469 4190 Orator,
1484 4128 1546 4175 nec
1565 4123 1602 4174 ut
1616 4094 1766 4186 deleilet,
1783 4116 1896 4195 quern·

644 4202 826 4278 admodum
840 4206 949 4284 Ροέιιι
1003 4207 1089 4274 Νοιι
1106 4202 1195 4277 aliud
1209 4202 1898 4303 intendit,qurmquodexverittte,qrum

641 4308 825 4405 proponit,
839 4311 950 4401 agnita
968 4296 1126 4404 consequi
1139 4304 1258 4408 potest.
1276 4305 1398 4379 Scribit
1413 4309 1506 4379 eninr
1519 4307 1570 4397 iis,
1586 4302 1900 4403 quiverintitamo·

646 4432 684 4480 re
699 4407 878 4485 ducuntur,
930 4404 1025 4479 Absit
1039 4426 1162 4495 tamen,
1174 4428 1213 4477 ut
1222 4410 1298 4505 quis
1314 4405 1375 4482 fibi
1389 4400 1903 4509 persuadeareaconremiriquae

645 4503 714 4577 elio
729 4506 890 4601 ioeojaiio
909 4504 977 4579 fine
986 4501 1065 4577 feeit
1072 4510 1184 4595 Po'e'ta,
1195 4507 1251 4581 uel
1260 4512 1398 4597 Orator,
1407 4510 1465 4607 qui
1472 4506 1562 4582 idem
1572 4496 1905 4606 philosophus.th

646 4602 1904 4715 potiusnoninconnumjudunueururintemaphnosopho‚uuum

1827 4728 1904 4819 ,Ψ
