4834 5634
1039 1062 1068 1149 i.
1122 1080 1190 1164 44.

555 1180 720 1299 cognitio
736 1170 973 1289 pbilosiphica
989 1178 1148 1257 emmam
1163 1170 1346 1289 voluptate
1357 1176 1562 1290 perfundit,
1589 1202 1697 1292 quam
1713 1172 1759 1259 ab
1775 1157 1924 1279 Voluptas
1953 1180 1994 1225 ‘²‘

429 1288 602 1397 baliarica
615 1288 809 1403 expellare
825 1318 895 1371 non
910 1289 1003 1377 licet.
1057 1282 1207 1407 Qodlr
1218 1294 1390 1397 cognitio
1399 1290 1574 1377 historica
1583 1297 1679 1375 circa
1689 1288 1759 1373 ob·
1772 1276 1945 1429 ἭἬἿ

431 1414 541 1492 vium
558 1408 750 1509 versetur,
797 1409 947 1486 animus
972 1404 1024 1483 est
1040 1406 1280 1509 indifferens,
1314 1434 1384 1489 nec
1400 1407 1473 1491 ulla
1496 1416 1639 1491 ratione
1670 1368 1979 1555 1¹¹d⁰prllslr¹m

431 1546 625 1610 movetur.
716 1516 761 1605 Si
786 1516 1021 1629 inexpetiata
1038 1518 1150 1602 nobis
1167 1523 1314 1627 offerat,
1330 1525 1369 1603 in
1386 1525 1674 1607 admirationem
1700 1482 1790 1603 rat-F
1845 1500 1870 1529 ⁶⁸
1915 1512 1922 1525 ’

429 1646 583 1749 pimur:
612 1636 667 1725 lin
679 1636 789 1741 talia,
805 1664 890 1747 quar
904 1632 1006 1714 nolle
1021 1635 1191 1729 interest3
1217 1638 1445 1743 gaudeamus
1465 1642 1642 1753 quidem,
1661 1640 1754 1722 dum

434 1760 610 1865 primum
622 1752 879 1854 innotescunt,
894 1749 957 1829 sed
972 1749 1146 1858 voluptas
1168 1750 1371 1835 transitoria
1396 1784 1490 1837 mox
1515 1763 1652 1839 iterum
1669 1784 1754 1837 cva-

435 1872 566 1955 nescit.
623 1862 774 1995 Qodli
795 1893 890 1947 vero
909 1870 1070 1947 rationes
1087 1894 1237 1972 eorum,
1254 1896 1334 1979 quae
1351 1872 1641 1979 cognoscimus,
1668 1900 1752 1981 per-

439 1986 641 2095 spicimus,
654 1992 746 2065 mira
759 1980 956 2090 voluptate
969 1978 1207 2089 perfunditur
1225 1990 1371 2068 animus
1388 1987 1526 2071 sciendi
1542 2016 1584 2072 ac
1600 1994 1753 2071 vericu-

449 2100 586 2209 pidus,
599 2098 697 2179 oiim
706 2098 873 2201 reditura,
889 2093 956 2177 ubi
972 2096 1123 2180 easdem
1140 2098 1267 2181 denuo
1292 2104 1495 2187 mediteris.
1567 2104 1752 2186 'l'cntanti

457 2234 590 2325 patent
604 2216 744 2315 omnia,
759 2238 914 2323 quorum
931 2215 1027 2293 ratio
1045 2240 1066 2293 a
1089 2219 1283 2323 principiis
1299 2218 1576 2325 psychologicis
1593 2221 1752 2328 pendet,

453 2328 524 2413 suo
536 2328 631 2409 loeo
645 2325 865 2435 explicandis
882 2354 925 2408 ac
940 2328 1143 2411 firmandis.
1228 2327 1460 2437 Experimur
1483 2364 1636 2443 quoquc
1656 2336 1752 2415 illud

446 2442 649 2553 uoluptatis
662 2470 799 2550 genus,
843 2442 952 2553 quod
969 2470 1018 2523 ex
1039 2442 1190 2526 scientio
1213 2446 1473 2555 proficiscitur,
1489 2448 1651 2557 palmam
1667 2479 1754 2559 prae·

436 2566 563 2671 ripere
579 2556 836 2669 voluptatibus
854 2562 987 2641 ceteris
1005 2556 1301 2674 quibuscunque.

553 2860 779 2981 Phia-sophia
794 2859 840 2947 ob
851 2864 952 2967 ufitm
965 2868 1168 2969 cognitam
1176 2859 1389 2965 historicen
1398 2858 1525 2966 caſsim
1537 2871 1620 2948 vite
1632 2864 1754 2948 hutten·
1769 2854 1966 2959 maaspaa

435 3006 486 3063 u
498 3004 569 3062 non
590 2978 638 3081 est
656 2978 920 3063 contemnenda.
980 2974 1177 3101 Qoniam
1187 2985 1290 3060 enim
1307 2981 1752 3090 cognitiuphilosophica
1769 2992 1824 3037 Μ’·
1840 2988 1899 3031 uon
1914 2983 1982 3029 ‘⁰²³'

440 3092 598 3177 liroeess'u
607 3092 775 3177 feliciori
783 3093 943 3177 adeasus
951 3096 1035 3175 vitat
1046 3091 1261 3201 applicatur,
1270 3124 1384 3207 quam
1400 3096 1573 3177 historica
1591 3100 1612 3205 (
1618 3097 1731 3201 3341.)
1742 3160 1754 3199 ,
1767 3089 1781 3138 s
1783 3060 1942 3138 omnum.

439 3208 529 3293 &ed
540 3210 676 3323 plures
694 3208 771 3291 sese
785 3209 891 3292 casus
905 3209 1075 3291 extendit
1107 3214 1165 3310 (t.
1182 3236 1245 3317 4²·
1264 3218 1305 3319 ),
1335 3217 1384 3292 ita
1407 3233 1449 3293 ut
1481 3217 1606 3295 minus
1629 3211 1752 3321 ampla
1797 3308 1800 3313 ¹

434 3330 663 3435 cognitione
680 3322 884 3407 instrndlus
923 3324 971 3405 ad
986 3322 1113 3431 plures
1128 3320 1170 3406 sn
1208 3350 1355 3434 paratus
1375 3334 1432 3431 (a.
1450 3328 1552 3434 43.);
1586 3355 1627 3409 ea
1647 3330 1750 3408 deni·

437 3468 517 3555 que
530 3440 727 3551 voluptate
741 3444 915 3523 animum
940 3436 1151 3547 perfundit,
1193 3470 1306 3551 quam
1325 3442 1369 3523 ab
1393 3443 1567 3523 historica
1591 3448 1751 3522 minime

439 3552 747 3666 expectareticet
784 3558 843 3665 (l.
860 3564 971 3669 44.);
1005 3552 1155 3661 infignis
1178 3556 1262 3637 stane
1286 3561 1526 3665 prerogativa
1550 3558 1600 3637 est
1619 3562 1751 3662 cogni-

437 3676 556 3757 tionis·
600 3670 876 3783 philosophicae
901 3699 975 3779 prae
1005 3670 1202 3776 historica,
1232 3673 1354 3781 ipsum
1379 3670 1404 3753 li
1421 3673 1529 3754 usum
1546 3670 1686 3780 species
1711 3678 1750 3753 in

435 3788 579 3875 cafibus
599 3792 687 3869 vitae
707 3786 894 3871 humana.
969 3782 1174 3867 Abl'onum
1196 3793 1322 3899 itaque
1357 3786 1457 3871 soret
1478 3787 1529 3871 ob
1560 3794 1751 3871 minorem

437 3907 677 4015 cognitionis
717 3903 903 3987 historicae
924 3902 1034 3983 nsum
1050 3901 1332 4011 philosophiam
1377 3922 1641 4008 contemnere,
1669 3934 1749 4014 qua

439 4024 628 4121 majorem
669 4018 808 4129 praebet
824 4046 867 4101 ac
885 4017 1015 4125 infigni
1061 4038 1233 4125 preterca
1261 4026 1428 4101 animum
1474 4017 1667 4127 voluptate
1684 4023 1749 4101 de-

437 4134 597 4239 mulcet,
610 4164 694 4249 quae
712 4134 818 4217 haud
832 4138 1012 4241 exiguam
1037 4130 1224 4217 felicitatis
1248 4136 1420 4217 humanae
1442 4156 1586 4247 partem
1614 4138 1751 4218 consti-

436 4258 529 4339 tnit:
557 4252 601 4335 id
614 4252 724 4367 quod
736 4252 807 4337 suo
822 4248 913 4333 loco
928 4251 1153 4334 ostendetur.

1033 4466 1042 4483 .
1129 4402 1167 4483 6.

548 4516 883 4639 Philrjipltus'est‚
918 4521 986 4627 qui
1014 4412 1216 4598 §ratidncm
1252 4516 1408 4599 reddere
1445 4518 1569 4627 potest
1593 4543 1750 4623 eornm,
1767 4553 1941 4655 Phihppi

460 4642 634 4749 quiunt,
658 4634 725 4721 vel
740 4632 815 4717 eae
830 4630 991 4744 poliunt.
1050 4630 1162 4715 Ratio
1182 4633 1412 4715 definitionis
1430 4656 1539 4743 patet.
1627 4629 1752 4717 Pollct
1768 4664 1918 4756 dtfinaa.

458 4778 573 4867 nempe
586 4760 654 4843 ista
672 4754 851 4854 scientia,
866 4778 946 4863 quae
963 4746 1212 4859 philosophie
1229 4754 1387 4831 nomine
1404 4750 1576 4832 tilutatur
1597 4754 1652 4859 (§.
1669 4750 1753 4859 29.)

452 4864 494 4949 dt
505 4874 592 4976 cuju
610 4874 668 4963 est
685 4872 881 4955 rationem
924 4866 1106 4971 reddere,
1140 4894 1208 4965 cur
1221 4864 1407 4973 poliibilia
1424 4863 1551 4950 arium
1572 4866 1753 4977 consequi

1616 5002 1756 5095 queant
