4834 5634
671 554 795 671 ,προ
1007 485 1211 630 Porri..
1231 517 1344 633 no.
1361 514 1454 627 IV.
1490 518 1661 655 coi.

445 848 639 970 pff&
820 868 1041 981 Syllogismos
1056 750 1299 969 tristimonio
1325 776 1642 973 pisiofinonibun
1668 890 1821 974 quarum
1844 866 1921 945 duo
1934 860 1993 945 be·

444 946 575 1049 hgfi'n'
687 990 767 1073 sent
781 994 970 1069 terminum
1011 1004 1242 1080 commutem,
1270 986 1379 1060 tertio
1420 1008 1503 1061 vero
1530 980 1769 1061 combinantur
1788 984 1937 1061 termini
1957 986 1994 1063 in

666 1087 671 1097 ’
677 1100 862 1212 prioribus
874 1098 1012 1207 diverfi.
1070 1088 1316 1201 Syllogismiis
1359 1097 1463 1175 enim
1479 1090 1650 1175 disiinsie
1692 1118 1911 1201 proponere
1934 1090 1995 1175 de·

685 1217 750 1300 bet
765 1218 1007 1298 ratiocinium
1025 1208 1099 1293 sive
1114 1208 1319 1291 discursum
1349 1209 1401 1316 (s.
1428 1212 1547 1317 332).
1616 1204 1885 1331 Qamobrem
1901 1234 1990 1289 cum

685 1329 945 1413 ratiocinando
961 1354 1010 1407 eir
1031 1322 1175 1407 duabus
1212 1322 1538 1433 ¹propofitionibus
1583 1330 1790 1404 terminum
1814 1348 1990 1405 commir-

686 1475 778 1529 ncm
792 1441 1015 1526 habentibus
1058 1444 1166 1521 tertia
1209 1435 1424 1542 formetur,
1461 1435 1720 1520 combinando
1743 1440 1930 1519 terminos
1950 1440 1988 1521 iii

688 1581 846 1672 utraque
862 1557 1027 1641 diversos
1057 1556 1110 1663 (s.
1126 1555 1233 1662 50.);
1263 1554 1416 1635 evidens
1433 1553 1504 1655 est,
1537 1550 1795 1657 syllogismum
1819 1552 1987 1635 constare

687 1674 826 1759 debere
851 1702 899 1757 ex
944 1672 1062 1754 tribus
1085 1666 1436 1778 propositionibus,
1464 1694 1624 1779 quarum
1637 1667 1717 1748 dur
1734 1693 1986 1751 communem

683 1791 824 1874 hubent
836 1792 1062 1890 terminum,
1090 1788 1199 1867 tertia
1217 1810 1311 1870 vero
1332 1788 1579 1893 componitur
1593 1808 1642 1863 ex
1656 1785 1843 1887 terminis,
1872 1786 1985 1895 quiin

683 1907 758 1992 illis
774 1900 1007 1987 suntdiversn
1365 1974 1374 2001 ,

782 2024 882 2112 Egi.
914 2024 956 2091 ln
972 2019 1040 2091 lioc
1054 2008 1264 2115 syllogismo:
1292 2018 1388 2086 Omne
1412 2016 1612 2112 triangulum
1636 2008 1729 2085 babet
1749 2033 1817 2087 tres
1840 2016 1983 2111 arigalm

733 2125 831 2195 (imm
843 2120 1042 2215 triangulum
1044 2117 1234 2219 sphericum
1248 2116 1289 2207 cst
1307 2118 1517 2211 triangulum
1565 2116 1645 2214 Ergo
1662 2116 1759 2187 Omne
1783 2118 1983 2213 triangulam

724 2221 914 2322 spbaerimm
925 2219 1019 2292 habet
1031 2240 1099 2291 tres
1116 2217 1264 2313 angulosi
1294 2213 1366 2287 diiae
1383 2212 1630 2313 propofitiones
1653 2217 1785 2315 priores
1798 2222 1983 2289 terminum

733 2324 935 2419 triangulum
949 2318 1074 2390 habent
1092 2337 1328 2404 communem
1343 2316 1377 2385 in
1394 2320 1489 2388 tertia
1504 2339 1586 2387 vero
1596 2318 1696 2389 ceteri
1706 2316 1775 2389 duo
1790 2314 1908 2389 diversi
1923 2326 1984 2390 tri·

732 2449 777 2494 an
797 2415 1231 2515 ulumshaericuni&haser·t
1244 2419 1449 2519 tresangiisos
1467 2414 1751 2509 commmoratur
1759 2442 1847 2493 unu!
1856 2416 1894 2495 fit
1909 2410 1984 2495 sub·

732 2448 869 2619 jesum,
883 2444 966 2595 oster
981 2545 1062 2595 vero
1081 2517 1311 2627 praedicatum.

449 2862 662 2960 Temu'm'spi-
718 2958 721 2963 Α
832 2853 1053 2966 Syllogismus
1066 2857 1216 2963 constare
1258 2862 1406 2965 nequit,
1436 2852 1510 2964 trist
1518 2853 1631 2938 tribus
1644 2859 1815 2939 terminis.
1877 2854 1984 2943 Con-

444 2964 660 3062 logifinumin-
682 2967 749 3051 stat
765 2974 868 3051 enim
885 2970 1118 3078 syllogismus
1134 2970 1253 3053 tribus
1268 2967 1612 3080 propositionibus,
1634 2997 1793 3081 quarum
1814 2972 1895 3054 duit
1911 2996 1985 3059 tet-

437 3067 637 3167 ss‘ds‘ms'·
685 3090 835 3167 minum
850 3087 987 3168 habent
1003 3114 1274 3190 communem,
1302 3087 1408 3167 tertia
1430 3114 1523 3168 vero
1540 3085 1805 3168 combinantur
1830 3095 1984 3172 termini

684 3206 725 3282 in
740 3201 929 3309 prioribus
947 3201 1078 3284 divorsi
1106 3204 1159 3309 (s.
1177 3203 1289 3309 333).
1349 3196 1453 3283 Cum
1469 3206 1584 3307 igitur
1598 3199 1806 3309 propositio
1831 3204 1981 3289 duobus

683 3323 854 3401 terminis
870 3320 1012 3401 constet
1022 3320 1076 3425 (s.
1094 3322 1224 3425 199.);
1240 3321 1279 3397 iii
1295 3314 1439 3397 duabus
1453 3315 1772 3425 propositionibus
1790 3319 1981 3425 prioribus

679 3458 930 3514 communem
945 3439 1152 3515 terminum
1175 3429 1398 3514 habentibus
1422 3431 1568 3513 nonnisi
1593 3451 1667 3514 tres
1692 3438 1846 3515 termini
1861 3442 1985 3519 conti·

679 3568 824 3628 nentur.
884 3546 961 3629 Sed
976 3553 1080 3629 tertia
1096 3547 1256 3630 formata
1282 3574 1348 3656 per
1372 3544 1697 3629 combinationem
1720 3575 1879 3655 eorum,
1917 3558 1985 3665 qni

678 3665 719 3742 in
732 3662 868 3743 iisdem
884 3662 1203 3772 propositionibus
1219 3658 1350 3744 diversi
1367 3660 1471 3764 sunt,
1500 3690 1579 3743 non
1605 3690 1751 3745 novum
1774 3671 1984 3751 terminum

676 3780 717 3856 in
731 3774 986 3883 syllogismum
1030 3780 1184 3863 invehit.
1244 3774 1372 3902 Qarc
1416 3774 1650 3885 syllogismus
1666 3779 1833 3863 constare
1849 3788 1983 3895 nequit

676 3888 741 3974 uisi
756 3892 873 3973 tribus
898 3900 1076 3978 terminis.

776 4011 816 4079 Ε.
828 4034 876 4099 gr.
887 4015 927 4080 In
939 4006 1520 4107 syllogismoanterioriterminitres
1530 4006 1604 4083 sunt
1617 4014 1817 4111 triangulum
1832 4013 1866 4085 in
1880 4032 1982 4107 gent·

727 4132 775 4200 re,
791 4116 991 4211 triangulum
994 4112 1182 4217 sphericum
1201 4113 1237 4184 in
1247 4102 1353 4207 specie
1373 4112 1405 4182 a
1422 4111 1533 4185 habere
1551 4135 1617 4187 tias
1630 4117 1769 4213 annulos.

438 4306 611 4402 imni*
813 4322 910 4411 Diiae
924 4215 1530 4441 propofitiones,eiqiiisiistcrtia
1545 4326 1742 4436 formatur,
1760 4328 1985 4413 combinari·¹

440 4434 524 4528 mm?
540 4409 655 4530 (ΨΜ
681 4441 735 4523 do
751 4442 849 4525 duos
866 4450 1048 4527 terminos
1065 4445 1195 4524 inistis
1213 4444 1377 4548 obvios,
1412 4446 1586 4527 dicuntur
1602 4448 1814 4552 Praemiffae,
1846 4468 1867 4527 a
1884 4470 1985 4527 non-

430 4511 658 4606 st⁰'²”&¹u⁴'
681 4554 794 4647 nullis
809 4586 964 4677 quoque
978 4564 1190 4651 Somtiones:
1219 4565 1325 4649 tertia
1333 4588 1456 4683 iero,
1485 4589 1565 4675 quae
1581 4588 1629 4647 eii
1645 4566 1700 4684 ¹iis
1717 4557 1816 4649 dieta
1838 4563 1988 4765 rfatione

1859 4698 1987 4767 oiim*
