4834 5634
566 424 732 637 'oo
798 506 949 619 aare.
964 498 1004 607 1.
1021 494 1209 609 teau
1227 494 1434 635 com.
1452 498 1534 610 oe
1551 470 1817 633 moeno

693 736 782 815 entia
796 752 918 805 notum
932 718 1063 801 sumere
1078 716 1237 815 licetine
1253 720 1330 797 loco
1346 750 1363 794 a
1378 726 1490 823 priori
1498 721 1814 811 demonstrandum
1831 744 1962 799 nonre-

694 831 955 939 prehendimut‚
972 826 1065 925 quod
1079 832 1244 899 rat-ionem
1259 822 1398 899 effedius
1413 824 1454 897 ab
1471 826 1555 915 alio,
1570 828 1664 925 cujus
1682 822 1812 901 eausam
1829 830 1962 921 ignora-

696 962 785 1023 mus,
798 926 1035 1035 proficiscentis
1042 928 1304 1003 redditurihunt
1312 918 1523 1024 ejuecausam
1530 928 1724 1023 allegemus,
1734 934 1897 1025 quoniam
1905 924 1964 1001 ab·

696 1022 1589 1127 sonumforetnegare,quodveritati-consentaneumt
1607 1024 1661 1103 sed
1670 1024 1705 1101 id
1721 1025 1961 1105 tantummodo

697 1139 839 1215 minime
856 1130 1035 1209 ferendum
1046 1130 1247 1227 judicamus,
1260 1124 1283 1199 fi
1298 1132 1371 1228 quis
1387 1124 1447 1201 fibi
1462 1122 1594 1203 videtur
1609 1128 1733 1204 habere
1749 1123 1965 1231 perspeihm
2006 1148 2013 1157 ·

700 1233 975 1333 causamalicujut
987 1234 1214 1332 phanomeoi,
1223 1230 1303 1304 dum
1312 1254 1386 1304 eam
1394 1232 1550 1303 nondum
1558 1234 1873 1327 cognitamnomine
1882 1256 1967 1331 quo·

703 1343 782 1415 dam
791 1334 832 1411 ab
840 1338 913 1411 aliis
922 1336 1023 1411 rebus
1031 1334 1213 1431 distinguit.
1268 1332 1313 1405 V.
1328 1354 1378 1425 gt.
1391 1332 1553 1405 Videmus
1563 1358 1659 1407 acum
1669 1334 1776 1409 altero
1794 1327 1844 1406 sui
1859 1339 1975 1426 extre,

702 1432 1248 1541 moadplanumperpendiculare
1258 1434 1432 1507 internum
1448 1434 1519 1531 poli
1536 1426 1639 1508 ferrei
1653 1434 1795 1508 borealis
1818 1434 1968 1535 applica·

703 1541 1014 1631 tam,alteroautem
1023 1534 1183 1635 tantisper
1192 1562 1209 1607 a
1218 1532 1301 1634 polo
1308 1532 1439 1609 australi
1450 1534 1666 1611 distantemiu
1675 1536 1736 1610 fitu
1751 1536 1966 1611 horizontali

706 1649 758 1719 axi
766 1646 928 1738 magnetis
942 1638 1138 1741 parallel-am
1155 1637 1308 1711 detineri
1365 1640 1453 1710 Situs
1470 1638 1524 1709 hit
1542 1660 1616 1719 aeut
1639 1644 1793 1735 gravitati
1808 1632 1969 1712 adversus

704 1738 1109 1823 esteffestusooafflonis
1118 1741 1307 1835 magnetica
1321 1737 1491 1839 perpolos
1500 1728 1629 1815 ferreus
1637 1746 1801 1837 magnetis
1810 1736 1877 1814 sese
1886 1734 1971 1815 etse·

708 1852 829 1926 tentis.
879 1836 1149 1949 Quamobremfi
1164 1864 1228 1943 per
1243 1838 1336 1915 istam
1350 1836 1585 1915 attraffionem
1602 1868 1620 1913 a
1636 1842 1814 1943 posteriori
1821 1836 1971 1943 suppod-

709 1972 780 2025 tam
788 1972 948 2049 tanquam
963 1972 1025 2047 per
1041 1938 1171 2019 eausam
1186 1941 1339 2043 explices,
1355 1937 1530 2040 quomodo
1540 1946 1657 2017 atuain
1671 1941 1734 2017 litu
1749 1940 1811 2017 isto
1825 1944 1972 2019 detineri

708 2050 825 2153 poffit;
840 2040 1561 2144 nemoLogitaegoaruahoctepreheoderit.
1614 2050 1751 2120 Etenim
1766 2044 1791 2119 fi
1804 2044 1857 2119 vel
1867 2048 1972 2118 mexi-

708 2178 767 2227 me
775 2142 1267 2254 perspestafueritattrafflonis
1275 2148 1465 2241 magnetica
1474 2138 1653 2235 causando
1662 2144 1972 2223 tamon-binma-

707 2276 813 2355 quam
821 2274 952 2329 remota
959 2272 1074 2349 petere
1085 2248 1342 2335 licetrationem,
1352 2240 1682 2345 quaabeffediuejus
1693 2244 1973 2325 obsembiiitan·

574 2368 578 2376 '
709 2358 1000 2453 quamaproxima
1009 2347 1197 2423 derivanda.
1213 2348 1373 2421 Similiter
1389 2348 1412 2421 fi
1427 2349 1688 2425 Mathematicus
1706 2354 1907 2451 quantitates
1922 2344 1974 2424 ef·

707 2452 862 2531 feudum
875 2478 974 2554 atque
982 2456 1107 2525 virium
1115 2451 1221 2525 adeos
1229 2447 1432 2551 pmstandoe
1442 2448 1674 2547 requisitamm
1683 2454 1977 2527 detemtiuatevo-

710 2560 833 2646 luerit3
847 2560 875 2629 ia
891 2558 1033 2629 minime
1049 2548 1260 2653 opushabet,
1275 2574 1313 2625 ut
1328 2548 1495 2625 essentiam
1505 2552 1560 2625 vel
1571 2555 1726 2629 attributa
1743 2558 1803 2641 rei,
1896 2576 1974 2653 que

710 2662 913 2761 eoncipitur,
928 2650 1116 2755 perspiciat,
1125 2653 1276 2751 adeoque
1290 2658 1317 2725 is
1327 2650 1435 2755 potest
1444 2657 1493 2727 uti
1500 2660 1656 2747 termino,
1665 2682 1734 2757 quo
1743 2580 1973 2753 tausirndigi·

711 2782 811 2852 tatur,
826 2752 1037 2836 etiuttfihaec
1043 2762 1074 2837 ei
1080 2750 1254 2859 perspesta
1262 2780 1332 2831 non
1341 2750 1386 2829 stt.

1243 2886 1275 2996 §-
1328 2908 1402 2992 137·

433 3037 578 3111 Notionfs
594 3058 651 3137 ges
786 3034 829 3119 Si
844 3030 1070 3155 quiscoulim
1083 3032 1179 3141 ejus,
1207 3030 1301 3151 quod
1316 3026 1496 3139 observat,
1519 3031 1767 3147 emesenam
1801 3056 1980 3157 tanquam

432 3148 535 3264 ΜΨ
559 3148 594 3212 ¹³²
608 3142 750 3257 dewau,
778 3148 963 3271 aquaead,
994 3148 1088 3271 qaod
1113 3148 1294 3255 adstruat,
1320 3148 1491 3259 proficisci
1503 3148 1680 3261 potest,·n
1696 3150 1789 3233 allam
1805 3180 1980 3237 nunonem

434 3246 799 3385 ‘erse'3⁸d⁶·habet,
821 3266 892 3378 sed
932 3268 1014 3351 inde
1054 3290 1230 3348 rotronem
1257 3261 1405 3349 reddere
1433 3272 1556 3381 nequit
1584 3272 1657 3360 rjus
1682 3265 1777 3387 qaod
1804 3266 1973 3371 observat.

428 3364 606 3441 “w-'am'
672 3382 824 3497 Siquid
840 3389 944 3467 enim
959 3386 1040 3467 fieri
1084 3381 1348 3487 observamus,
1376 3402 1458 3463 tum
1483 3378 1643 3462 dubium
1664 3384 1816 3491 prorsus
1830 3382 1977 3467 nullum

672 3502 747 3605 est,
776 3502 882 3613 quod
898 3498 940 3583 stt
956 3499 1078 3612 aliqua
1094 3496 1200 3581 causa
1213 3500 1269 3605 (ἓ.
1286 3522 1326 3605 4.
1343 3494 1507 3604 Dtsturf
1516 3500 1648 3603 praelim
1669 3490 1980 3613 &perationem

670 3614 784 3713 cause
804 3624 838 3725 d.
855 3640 959 3733 prae.
986 3618 1191 3721 atilanum),
1218 3616 1317 3697 uude
1333 3615 1375 3696 id
1387 3610 1657 3724 proficiscitur,
1686 3642 1810 3729 neque
1834 3617 1981 3705 dubita·

669 3736 703 3817 ti
718 3732 863 3844 potest,
887 3735 979 3843 quin
994 3728 1041 3813 ab
1056 3756 1099 3811 aa
1115 3732 1156 3812 id
1173 3730 1359 3838 proficisci
1403 3730 1543 3839 possit,
1572 3733 1680 3841 quod
1702 3732 1782 3815 fieri
1806 3734 1982 3819 observa-

668 3877 766 3935 mus„
856 3843 1172 3960 Quamobremfi
1214 3873 1300 3929 eam
1328 3844 1440 3960 nobis
1474 3847 1770 3953 repraesentamus
1800 3872 1985 3965 tanquam
2018 3922 2022 3927 .

670 3992 760 4070 ens,
778 3990 799 4046 a
822 3992 902 4075 quo
917 3965 977 4068 id,
991 3963 1098 4075 quod
1107 3962 1335 4067 observatur,
1344 3960 1531 4073 proficisci
1549 3967 1685 4071 potest,
1701 3964 1796 4047 nihil
1812 3970 1986 4077 impodi-

667 4080 746 4165 bite
762 4078 873 4164 nobis
888 4082 1210 4189 repraei'entamus,
1239 4083 1411 4193 adeoque
1428 4084 1629 4163 notionem
1649 4080 1751 4166 illius
1769 4084 1882 4165 causa
1904 4092 1985 4167 uti-

669 4226 746 4313 que
759 4196 943 4283 habemus
971 4200 1028 4311 (q.
1044 4196 1140 4307 34).

783 4330 997 4421 Enimvero
1013 4364 1104 4419 cum
1119 4332 1224 4417 idem
1238 4362 1305 4446 per
1320 4334 1424 4417 idem
1457 4332 1638 4444 explicati
1659 4360 1740 4415 uon
1760 4336 1897 4445 poffit5
1933 4362 1985 4420 ex

671 4450 738 4531 ista
761 4456 921 4540 notione
948 4453 1054 4537 reddi
1083 4457 1213 4564 nequit
1243 4458 1338 4535 ratio
1366 4456 1468 4555 ejus,
1496 4450 1603 4561 quod
1645 4447 1874 4537 observatur.
1939 4448 1986 4535 Si

671 4565 836 4655 affirmes
849 4573 892 4659 id
906 4575 989 4661 fieri
1001 4564 1128 4687 poffe:
1156 4570 1363 4655 dicendum
1391 4572 1484 4674 erit,
1500 4566 1563 4671 id,
1591 4568 1699 4679 quod
1714 4566 1986 4655 fieriobsetva-

1895 4710 1980 4767 mtaa
