<?xml version="1.0" encoding="UTF-8"?>
<!DOCTYPE html PUBLIC "-//W3C//DTD XHTML 1.0 Transitional//EN"
    "http://www.w3.org/TR/xhtml1/DTD/xhtml1-transitional.dtd">
<html xmlns="http://www.w3.org/1999/xhtml" xml:lang="en" lang="en">
 <head>
  <title>
</title>
<meta http-equiv="Content-Type" content="text/html;charset=utf-8" />
  <meta name='ocr-system' content='tesseract 3.04.00' />
  <meta name='ocr-capabilities' content='ocr_page ocr_carea ocr_par ocr_line ocrx_word'/>
</head>
<body>
  <div class='ocr_page' id='page_1' title='image "./philosophiarati00wolfgoog_0671.png"; bbox 0 0 4834 5634; ppageno 0'>
   <div class='ocr_carea' id='block_1_1' title="bbox 585 264 1865 485">
    <p class='ocr_par' dir='ltr' id='par_1_1' title="bbox 585 254 1921 485">
     <span class='ocr_line' id='line_1_1' title="bbox 585 264 1865 485; baseline -0.037 -21"><span class='ocrx_word' id='word_1_1' title='bbox 585 375 588 381; x_wconf 92' lang='lat'><strong>·</strong></span> <span class='ocrx_word' id='word_1_2' title='bbox 658 344 770 485; x_wconf 82' lang='lat'>650</span> <span class='ocrx_word' id='word_1_3' title='bbox 981 345 1133 453; x_wconf 74' lang='lat' dir='ltr'>Part.</span> <span class='ocrx_word' id='word_1_4' title='bbox 1151 343 1219 454; x_wconf 85' lang='grc'>11.</span> <span class='ocrx_word' id='word_1_5' title='bbox 1241 342 1350 451; x_wconf 76' lang='lat' dir='ltr'>no.</span> <span class='ocrx_word' id='word_1_6' title='bbox 1371 264 1463 456; x_wconf 82' lang='lat' dir='ltr'>nr.</span> <span class='ocrx_word' id='word_1_7' title='bbox 1486 346 1592 479; x_wconf 72' lang='lat' dir='ltr'>op.</span> <span class='ocrx_word' id='word_1_8' title='bbox 1611 306 1724 463; x_wconf 72' lang='grc'>11.</span> <span class='ocrx_word' id='word_1_9' title='bbox 1754 320 1780 385; x_wconf 86' lang='lat'>·-·</span> <span class='ocrx_word' id='word_1_10' title='bbox 1863 428 1865 433; x_wconf 78' lang='lat'><em>.</em></span> 
     </span>
    </p>
   </div>
   <div class='ocr_carea' id='block_1_2' title="bbox 518 560 1983 691">
    <p class='ocr_par' dir='ltr' id='par_1_2' title="bbox 518 560 1983 691">
     <span class='ocr_line' id='line_1_2' title="bbox 518 560 1983 691; baseline -0.005 -31"><span class='ocrx_word' id='word_1_11' title='bbox 518 624 521 631; x_wconf 94' lang='lat'>·</span> <span class='ocrx_word' id='word_1_12' title='bbox 660 574 761 659; x_wconf 81' lang='lat' dir='ltr'>nulia</span> <span class='ocrx_word' id='word_1_13' title='bbox 788 570 831 658; x_wconf 86' lang='lat' dir='ltr'>fit</span> <span class='ocrx_word' id='word_1_14' title='bbox 857 572 911 683; x_wconf 66' lang='lat' dir='ltr'>(p.</span> <span class='ocrx_word' id='word_1_15' title='bbox 929 574 1012 657; x_wconf 89' lang='lat'>166.</span> <span class='ocrx_word' id='word_1_16' title='bbox 1029 574 1073 685; x_wconf 85' lang='lat'>);</span> <span class='ocrx_word' id='word_1_17' title='bbox 1100 572 1258 691; x_wconf 84' lang='lat' dir='ltr'>perinde</span> <span class='ocrx_word' id='word_1_18' title='bbox 1283 573 1335 656; x_wconf 80' lang='lat' dir='ltr'>en</span> <span class='ocrx_word' id='word_1_19' title='bbox 1364 596 1406 655; x_wconf 83' lang='lat' dir='ltr'>ac</span> <span class='ocrx_word' id='word_1_20' title='bbox 1433 566 1460 655; x_wconf 88' lang='lat' dir='ltr'>fi</span> <span class='ocrx_word' id='word_1_21' title='bbox 1482 570 1650 659; x_wconf 89' lang='lat' dir='ltr'>termino</span> <span class='ocrx_word' id='word_1_22' title='bbox 1678 566 1822 681; x_wconf 70' lang='lat' dir='ltr'>ubeqm</span> <span class='ocrx_word' id='word_1_23' title='bbox 1843 560 1983 665; x_wconf 62' lang='lat' dir='ltr'>definiae</span> 
     </span>
    </p>
   </div>
   <div class='ocr_carea' id='block_1_3' title="bbox 659 672 1999 1770">
    <p class='ocr_par' dir='ltr' id='par_1_3' title="bbox 659 672 1999 1770">
     <span class='ocr_line' id='line_1_3' title="bbox 659 672 1999 807; baseline -0.01 -33"><span class='ocrx_word' id='word_1_24' title='bbox 659 699 767 775; x_wconf 86' lang='lat' dir='ltr'>tione</span> <span class='ocrx_word' id='word_1_25' title='bbox 802 692 887 773; x_wconf 86' lang='lat' dir='ltr'>usus</span> <span class='ocrx_word' id='word_1_26' title='bbox 916 688 1049 775; x_wconf 77' lang='lat' dir='ltr'>initiet</span> <span class='ocrx_word' id='word_1_27' title='bbox 1107 692 1305 807; x_wconf 78' lang='lat' dir='ltr'>Qonimn</span> <span class='ocrx_word' id='word_1_28' title='bbox 1334 692 1459 800; x_wconf 85' lang='lat' dir='ltr'>itaque</span> <span class='ocrx_word' id='word_1_29' title='bbox 1488 686 1658 769; x_wconf 81' lang='lat' dir='ltr'><strong>mentem</strong></span> <span class='ocrx_word' id='word_1_30' title='bbox 1684 682 1847 797; x_wconf 63' lang='grc'>11110111</span> <span class='ocrx_word' id='word_1_31' title='bbox 1860 672 1999 801; x_wconf 59' lang='lat' dir='ltr'>intel&lt;</span> 
     </span>
     <span class='ocr_line' id='line_1_4' title="bbox 661 800 1984 919; baseline -0.008 -30"><span class='ocrx_word' id='word_1_32' title='bbox 661 803 825 895; x_wconf 73' lang='lat' dir='ltr'>reiturus</span> <span class='ocrx_word' id='word_1_33' title='bbox 856 833 946 888; x_wconf 85' lang='lat' dir='ltr'>eum</span> <span class='ocrx_word' id='word_1_34' title='bbox 988 814 1183 915; x_wconf 86' lang='lat' dir='ltr'>termino,</span> <span class='ocrx_word' id='word_1_35' title='bbox 1238 808 1387 919; x_wconf 88' lang='lat' dir='ltr'>quoties</span> <span class='ocrx_word' id='word_1_36' title='bbox 1422 808 1588 885; x_wconf 89' lang='lat' dir='ltr'>occurrit</span> <span class='ocrx_word' id='word_1_37' title='bbox 1596 838 1626 907; x_wconf 94' lang='lat'>·,·</span> <span class='ocrx_word' id='word_1_38' title='bbox 1644 800 1800 907; x_wconf 80' lang='lat' dir='ltr'>jungere</span> <span class='ocrx_word' id='word_1_39' title='bbox 1829 802 1984 899; x_wconf 69' lang='grc'>11111111</span> 
     </span>
     <span class='ocr_line' id='line_1_5' title="bbox 661 910 1987 1035; baseline -0.008 -29"><span class='ocrx_word' id='word_1_40' title='bbox 661 926 822 1007; x_wconf 86' lang='lat' dir='ltr'>notione</span> <span class='ocrx_word' id='word_1_41' title='bbox 882 920 1077 1006; x_wconf 87' lang='lat' dir='ltr'>confusam</span> <span class='ocrx_word' id='word_1_42' title='bbox 1093 926 1255 1007; x_wconf 87' lang='lat' dir='ltr'>definito</span> <span class='ocrx_word' id='word_1_43' title='bbox 1280 920 1349 1003; x_wconf 85' lang='lat' dir='ltr'>usu</span> <span class='ocrx_word' id='word_1_44' title='bbox 1365 912 1547 1029; x_wconf 92' lang='lat' dir='ltr'>loquendi</span> <span class='ocrx_word' id='word_1_45' title='bbox 1572 910 1789 1007; x_wconf 68' lang='lat' dir='ltr'>attributum</span> <span class='ocrx_word' id='word_1_46' title='bbox 1817 928 1987 1035; x_wconf 67' lang='grc'>11111111</span> 
     </span>
     <span class='ocr_line' id='line_1_6' title="bbox 663 1022 1986 1149; baseline -0.008 -28"><span class='ocrx_word' id='word_1_47' title='bbox 663 1036 814 1121; x_wconf 81' lang='lat' dir='ltr'><strong>aliunde</strong></span> <span class='ocrx_word' id='word_1_48' title='bbox 858 1038 996 1120; x_wconf 79' lang='lat' dir='ltr'>austum</span> <span class='ocrx_word' id='word_1_49' title='bbox 1026 1041 1213 1149; x_wconf 74' lang='lat'>(§.117.);</span> <span class='ocrx_word' id='word_1_50' title='bbox 1242 1037 1413 1118; x_wconf 88' lang='lat' dir='ltr'>definitio</span> <span class='ocrx_word' id='word_1_51' title='bbox 1429 1036 1469 1113; x_wconf 95' lang='lat' dir='ltr'>in</span> <span class='ocrx_word' id='word_1_52' title='bbox 1486 1026 1872 1143; x_wconf 75' lang='lat' dir='ltr'>propositionibus-ec</span> <span class='ocrx_word' id='word_1_53' title='bbox 1888 1022 1986 1105; x_wconf 74' lang='lat' dir='ltr'>defi·</span> 
     </span>
     <span class='ocr_line' id='line_1_7' title="bbox 665 1146 1960 1264; baseline -0.008 -29"><span class='ocrx_word' id='word_1_54' title='bbox 665 1148 874 1237; x_wconf 76' lang='lat' dir='ltr'>ditionibus</span> <span class='ocrx_word' id='word_1_55' title='bbox 891 1152 971 1236; x_wconf 87' lang='lat' dir='ltr'>aliis</span> <span class='ocrx_word' id='word_1_56' title='bbox 994 1153 1245 1264; x_wconf 83' lang='lat' dir='ltr'>intelligendis</span> <span class='ocrx_word' id='word_1_57' title='bbox 1261 1148 1355 1233; x_wconf 86' lang='lat' dir='ltr'>nulli</span> <span class='ocrx_word' id='word_1_58' title='bbox 1373 1148 1454 1229; x_wconf 90' lang='lat' dir='ltr'>usui</span> <span class='ocrx_word' id='word_1_59' title='bbox 1467 1146 1529 1229; x_wconf 88' lang='lat' dir='ltr'>efi.</span> <span class='ocrx_word' id='word_1_60' title='bbox 1948 1170 1960 1181; x_wconf 92' lang='grc'>··</span> 
     </span>
     <span class='ocr_line' id='line_1_8' title="bbox 780 1234 1985 1375; baseline -0.009 -38"><span class='ocrx_word' id='word_1_61' title='bbox 780 1234 1985 1375; x_wconf 52' lang='lat' dir='ltr'>uamelidisdefinitiolineenumquidnumabundantiorem),</span> 
     </span>
     <span class='ocr_line' id='line_1_9' title="bbox 720 1352 1986 1467; baseline -0.009 -28"><span class='ocrx_word' id='word_1_62' title='bbox 720 1362 1007 1467; x_wconf 79' lang='lat' dir='ltr'>propofitionibus</span> <span class='ocrx_word' id='word_1_63' title='bbox 1032 1370 1073 1442; x_wconf 84' lang='lat' dir='ltr'>de</span> <span class='ocrx_word' id='word_1_64' title='bbox 1087 1373 1184 1444; x_wconf 85' lang='lat' dir='ltr'>lineis</span> <span class='ocrx_word' id='word_1_65' title='bbox 1197 1365 1296 1441; x_wconf 65' lang='lat' dir='ltr'>reddis</span> <span class='ocrx_word' id='word_1_66' title='bbox 1312 1369 1348 1436; x_wconf 93' lang='lat' dir='ltr'>in</span> <span class='ocrx_word' id='word_1_67' title='bbox 1374 1362 1526 1435; x_wconf 89' lang='lat' dir='ltr'>medium</span> <span class='ocrx_word' id='word_1_68' title='bbox 1540 1358 1646 1449; x_wconf 79' lang='lat' dir='ltr'>tilttit</span> <span class='ocrx_word' id='word_1_69' title='bbox 1660 1384 1699 1433; x_wconf 83' lang='lat' dir='ltr'>te</span> <span class='ocrx_word' id='word_1_70' title='bbox 1713 1352 1986 1445; x_wconf 78' lang='lat' dir='ltr'>defimnombnr,</span> 
     </span>
     <span class='ocr_line' id='line_1_10' title="bbox 720 1432 1987 1568; baseline -0.007 -28"><span class='ocrx_word' id='word_1_71' title='bbox 720 1493 802 1565; x_wconf 80' lang='lat' dir='ltr'>quas</span> <span class='ocrx_word' id='word_1_72' title='bbox 820 1472 916 1541; x_wconf 89' lang='lat' dir='ltr'>notio</span> <span class='ocrx_word' id='word_1_73' title='bbox 930 1469 1028 1544; x_wconf 69' lang='lat' dir='ltr'>rtfiae</span> <span class='ocrx_word' id='word_1_74' title='bbox 1037 1472 1235 1568; x_wconf 83' lang='lat' dir='ltr'>ingreditur,</span> <span class='ocrx_word' id='word_1_75' title='bbox 1242 1465 1468 1557; x_wconf 81' lang='lat' dir='ltr'>intelligendis</span> <span class='ocrx_word' id='word_1_76' title='bbox 1477 1464 1616 1537; x_wconf 87' lang='lat' dir='ltr'>minime</span> <span class='ocrx_word' id='word_1_77' title='bbox 1631 1456 1778 1559; x_wconf 79' lang='lat' dir='ltr'>inservit.</span> <span class='ocrx_word' id='word_1_78' title='bbox 1829 1460 1876 1531; x_wconf 84' lang='lat' dir='ltr'>Et</span> <span class='ocrx_word' id='word_1_79' title='bbox 1892 1432 1987 1531; x_wconf 71' lang='lat' dir='ltr'>id&#39;en</span> 
     </span>
     <span class='ocr_line' id='line_1_11' title="bbox 716 1562 1987 1671; baseline -0.007 -30"><span class='ocrx_word' id='word_1_80' title='bbox 716 1568 880 1667; x_wconf 86' lang='lat' dir='ltr'>judicium</span> <span class='ocrx_word' id='word_1_81' title='bbox 895 1564 980 1645; x_wconf 82' lang='lat' dir='ltr'>ferri</span> <span class='ocrx_word' id='word_1_82' title='bbox 999 1570 1098 1647; x_wconf 86' lang='lat' dir='ltr'>debet</span> <span class='ocrx_word' id='word_1_83' title='bbox 1114 1574 1155 1647; x_wconf 89' lang='lat' dir='ltr'>de</span> <span class='ocrx_word' id='word_1_84' title='bbox 1171 1570 1343 1671; x_wconf 82' lang='lat' dir='ltr'>plerisque</span> <span class='ocrx_word' id='word_1_85' title='bbox 1369 1562 1622 1657; x_wconf 77' lang='lat' dir='ltr'>definitionibut</span> <span class='ocrx_word' id='word_1_86' title='bbox 1636 1562 1869 1639; x_wconf 78' lang='lat' dir='ltr'>terminorum</span> <span class='ocrx_word' id='word_1_87' title='bbox 1882 1578 1987 1633; x_wconf 79' lang='lat' dir='ltr'>mett·</span> 
     </span>
     <span class='ocr_line' id='line_1_12' title="bbox 716 1667 1293 1770; baseline 0 -27"><span class='ocrx_word' id='word_1_88' title='bbox 716 1667 935 1770; x_wconf 77' lang='lat' dir='ltr'>physicorum</span> <span class='ocrx_word' id='word_1_89' title='bbox 949 1699 967 1745; x_wconf 82' lang='lat' dir='ltr'>e</span> <span class='ocrx_word' id='word_1_90' title='bbox 982 1668 1183 1749; x_wconf 75' lang='lat' dir='ltr'>scholasticis</span> <span class='ocrx_word' id='word_1_91' title='bbox 1198 1670 1293 1747; x_wconf 75' lang='lat' dir='ltr'>detis.</span> 
     </span>
    </p>
   </div>
   <div class='ocr_carea' id='block_1_4' title="bbox 524 1802 1993 3753">
    <p class='ocr_par' dir='ltr' id='par_1_4' title="bbox 1237 1802 1901 1912">
     <span class='ocr_line' id='line_1_13' title="bbox 1237 1802 1901 1912; baseline -0.009 -28"><span class='ocrx_word' id='word_1_92' title='bbox 1237 1802 1266 1912; x_wconf 83' lang='lat'>§.</span> <span class='ocrx_word' id='word_1_93' title='bbox 1327 1802 1411 1909; x_wconf 89' lang='lat'>916.</span> <span class='ocrx_word' id='word_1_94' title='bbox 1807 1844 1812 1854; x_wconf 90' lang='lat'><em>·</em></span> <span class='ocrx_word' id='word_1_95' title='bbox 1896 1870 1901 1878; x_wconf 94' lang='lat'>.</span> 
     </span>
    </p>

    <p class='ocr_par' dir='ltr' id='par_1_5' title="bbox 524 1938 1993 3753">
     <span class='ocr_line' id='line_1_14' title="bbox 580 1938 1990 2057; baseline -0.005 -31"><span class='ocrx_word' id='word_1_96' title='bbox 580 1974 589 1992; x_wconf 91' lang='lat'><strong>·</strong></span> <span class='ocrx_word' id='word_1_97' title='bbox 622 2022 632 2041; x_wconf 83' lang='grc'>,</span> <span class='ocrx_word' id='word_1_98' title='bbox 807 1940 848 2025; x_wconf 86' lang='lat' dir='ltr'>St&#39;</span> <span class='ocrx_word' id='word_1_99' title='bbox 861 1944 1100 2052; x_wconf 82' lang='lat' dir='ltr'>definitionem</span> <span class='ocrx_word' id='word_1_100' title='bbox 1120 1952 1258 2029; x_wconf 80' lang='lat' dir='ltr'>autoris</span> <span class='ocrx_word' id='word_1_101' title='bbox 1276 1946 1524 2055; x_wconf 76' lang='lat' dir='ltr'>ingrediuntor</span> <span class='ocrx_word' id='word_1_102' title='bbox 1552 1940 1702 2035; x_wconf 75' lang='lat' dir='ltr'>termini</span> <span class='ocrx_word' id='word_1_103' title='bbox 1721 1942 1917 2057; x_wconf 67' lang='lat' dir='ltr'>inproprii</span> <span class='ocrx_word' id='word_1_104' title='bbox 1941 1938 1990 2019; x_wconf 66' lang='grc' dir='ltr'>δ’</span> 
     </span>
     <span class='ocr_line' id='line_1_15' title="bbox 524 2053 1993 2175; baseline 0 -38"><span class='ocrx_word' id='word_1_105' title='bbox 524 2057 531 2067; x_wconf 76' lang='grc'><strong>’</strong></span> <span class='ocrx_word' id='word_1_106' title='bbox 664 2053 753 2163; x_wconf 81' lang='lat' dir='ltr'>vagi</span> <span class='ocrx_word' id='word_1_107' title='bbox 760 2086 778 2153; x_wconf 89' lang='lat'>‚·</span> <span class='ocrx_word' id='word_1_108' title='bbox 798 2058 1093 2175; x_wconf 78' lang='lat' dir='ltr'>propofitionibus</span> <span class='ocrx_word' id='word_1_109' title='bbox 1116 2088 1158 2145; x_wconf 81' lang='lat' dir='ltr'>ao</span> <span class='ocrx_word' id='word_1_110' title='bbox 1183 2056 1449 2167; x_wconf 80' lang='lat' dir='ltr'>definitionibus</span> <span class='ocrx_word' id='word_1_111' title='bbox 1476 2054 1710 2165; x_wconf 52' lang='lat' dir='ltr'>intelligendo&amp;</span> <span class='ocrx_word' id='word_1_112' title='bbox 1736 2054 1993 2163; x_wconf 52' lang='lat' dir='ltr'>iulet-omm-</span> 
     </span>
     <span class='ocr_line' id='line_1_16' title="bbox 667 2168 1990 2283; baseline 0 -30"><span class='ocrx_word' id='word_1_113' title='bbox 667 2193 810 2283; x_wconf 78' lang='lat' dir='ltr'>queunt.</span> <span class='ocrx_word' id='word_1_114' title='bbox 873 2170 920 2255; x_wconf 85' lang='lat' dir='ltr'>T</span> <span class='ocrx_word' id='word_1_115' title='bbox 920 2178 1070 2256; x_wconf 87' lang='lat' dir='ltr'>ermino</span> <span class='ocrx_word' id='word_1_116' title='bbox 1088 2202 1187 2283; x_wconf 81' lang='lat' dir='ltr'>vago</span> <span class='ocrx_word' id='word_1_117' title='bbox 1202 2202 1294 2257; x_wconf 92' lang='lat' dir='ltr'>cum</span> <span class='ocrx_word' id='word_1_118' title='bbox 1310 2175 1485 2253; x_wconf 82' lang='lat' dir='ltr'>invariata</span> <span class='ocrx_word' id='word_1_119' title='bbox 1500 2192 1580 2253; x_wconf 91' lang='lat' dir='ltr'>non</span> <span class='ocrx_word' id='word_1_120' title='bbox 1596 2168 1807 2255; x_wconf 74' lang='lat' dir='ltr'>constanter</span> <span class='ocrx_word' id='word_1_121' title='bbox 1819 2168 1990 2281; x_wconf 76' lang='lat' dir='ltr'>respon·</span> 
     </span>
     <span class='ocr_line' id='line_1_17' title="bbox 670 2282 1989 2397; baseline 0.003 -32"><span class='ocrx_word' id='word_1_122' title='bbox 670 2284 756 2366; x_wconf 79' lang='lat' dir='ltr'>dent</span> <span class='ocrx_word' id='word_1_123' title='bbox 783 2292 894 2371; x_wconf 94' lang='lat' dir='ltr'>notio</span> <span class='ocrx_word' id='word_1_124' title='bbox 910 2288 1107 2397; x_wconf 79' lang='lat'>(§.129.)‚</span> <span class='ocrx_word' id='word_1_125' title='bbox 1132 2288 1255 2373; x_wconf 77' lang='lat' dir='ltr'>iedior</span> <span class='ocrx_word' id='word_1_126' title='bbox 1271 2288 1412 2369; x_wconf 74' lang='lat' dir='ltr'>herere</span> <span class='ocrx_word' id='word_1_127' title='bbox 1427 2282 1559 2390; x_wconf 86' lang='lat' dir='ltr'>debet,</span> <span class='ocrx_word' id='word_1_128' title='bbox 1583 2306 1787 2396; x_wconf 72' lang='lat' dir='ltr'>quamnam</span> <span class='ocrx_word' id='word_1_129' title='bbox 1805 2310 1904 2369; x_wconf 89' lang='lat' dir='ltr'>cum</span> <span class='ocrx_word' id='word_1_130' title='bbox 1916 2308 1989 2369; x_wconf 80' lang='lat' dir='ltr'>oo·</span> 
     </span>
     <span class='ocr_line' id='line_1_18' title="bbox 671 2396 1987 2515; baseline 0.004 -34"><span class='ocrx_word' id='word_1_131' title='bbox 671 2400 762 2481; x_wconf 90' lang='lat' dir='ltr'>dem</span> <span class='ocrx_word' id='word_1_132' title='bbox 775 2406 958 2509; x_wconf 79' lang='lat' dir='ltr'>conjungi</span> <span class='ocrx_word' id='word_1_133' title='bbox 986 2405 1077 2492; x_wconf 81' lang='lat' dir='ltr'>velit</span> <span class='ocrx_word' id='word_1_134' title='bbox 1093 2427 1224 2510; x_wconf 84' lang='lat' dir='ltr'>autor,</span> <span class='ocrx_word' id='word_1_135' title='bbox 1254 2402 1426 2515; x_wconf 85' lang='lat' dir='ltr'>adeoque</span> <span class='ocrx_word' id='word_1_136' title='bbox 1442 2401 1579 2505; x_wconf 86' lang='lat' dir='ltr'>nescit,</span> <span class='ocrx_word' id='word_1_137' title='bbox 1605 2422 1776 2511; x_wconf 69' lang='grc'>1111111111</span> <span class='ocrx_word' id='word_1_138' title='bbox 1797 2396 1842 2483; x_wconf 80' lang='lat' dir='ltr'>fit</span> <span class='ocrx_word' id='word_1_139' title='bbox 1871 2426 1987 2487; x_wconf 83' lang='lat' dir='ltr'>mens</span> 
     </span>
     <span class='ocr_line' id='line_1_19' title="bbox 671 2513 1989 2631; baseline 0.006 -36"><span class='ocrx_word' id='word_1_140' title='bbox 671 2522 815 2599; x_wconf 81' lang='lat' dir='ltr'>autoris</span> <span class='ocrx_word' id='word_1_141' title='bbox 832 2518 1021 2627; x_wconf 78' lang='lat'>(§.118.)‚</span> <span class='ocrx_word' id='word_1_142' title='bbox 1047 2522 1318 2631; x_wconf 83' lang='lat' dir='ltr'>consequenter</span> <span class='ocrx_word' id='word_1_143' title='bbox 1347 2545 1395 2601; x_wconf 84' lang='lat' dir='ltr'>ex</span> <span class='ocrx_word' id='word_1_144' title='bbox 1425 2513 1707 2601; x_wconf 87' lang='lat' dir='ltr'>definitionibus</span> <span class='ocrx_word' id='word_1_145' title='bbox 1729 2514 1901 2617; x_wconf 79' lang='lat' dir='ltr'>judicare</span> <span class='ocrx_word' id='word_1_146' title='bbox 1917 2542 1989 2603; x_wconf 83' lang='lat' dir='ltr'>ne-</span> 
     </span>
     <span class='ocr_line' id='line_1_20' title="bbox 671 2630 1989 2745; baseline 0.005 -37"><span class='ocrx_word' id='word_1_147' title='bbox 671 2633 775 2741; x_wconf 89' lang='lat' dir='ltr'>quit,</span> <span class='ocrx_word' id='word_1_148' title='bbox 803 2636 957 2742; x_wconf 80' lang='lat' dir='ltr'>quinam</span> <span class='ocrx_word' id='word_1_149' title='bbox 971 2633 1014 2717; x_wconf 87' lang='lat' dir='ltr'>fit</span> <span class='ocrx_word' id='word_1_150' title='bbox 1032 2634 1336 2745; x_wconf 79' lang='lat' dir='ltr'>propositionum</span> <span class='ocrx_word' id='word_1_151' title='bbox 1352 2658 1395 2715; x_wconf 84' lang='lat' dir='ltr'>ac</span> <span class='ocrx_word' id='word_1_152' title='bbox 1418 2630 1706 2745; x_wconf 82' lang='lat' dir='ltr'>definitionum,</span> <span class='ocrx_word' id='word_1_153' title='bbox 1733 2656 1826 2743; x_wconf 81' lang='lat' dir='ltr'>ques</span> <span class='ocrx_word' id='word_1_154' title='bbox 1855 2636 1989 2741; x_wconf 81' lang='lat' dir='ltr'>ingre-</span> 
     </span>
     <span class='ocr_line' id='line_1_21' title="bbox 670 2740 1987 2859; baseline 0.005 -34"><span class='ocrx_word' id='word_1_155' title='bbox 670 2743 826 2827; x_wconf 91' lang='lat' dir='ltr'>diuntur</span> <span class='ocrx_word' id='word_1_156' title='bbox 851 2753 1005 2829; x_wconf 86' lang='lat' dir='ltr'>termini</span> <span class='ocrx_word' id='word_1_157' title='bbox 1030 2776 1229 2859; x_wconf 79' lang='lat' dir='ltr'>perperam</span> <span class='ocrx_word' id='word_1_158' title='bbox 1244 2748 1410 2852; x_wconf 90' lang='lat' dir='ltr'>definiti,</span> <span class='ocrx_word' id='word_1_159' title='bbox 1437 2744 1570 2831; x_wconf 74' lang='lat' dir='ltr'>sursus.</span> <span class='ocrx_word' id='word_1_160' title='bbox 1628 2740 1671 2829; x_wconf 94' lang='lat' dir='ltr'>Si</span> <span class='ocrx_word' id='word_1_161' title='bbox 1693 2748 1877 2831; x_wconf 87' lang='lat' dir='ltr'>terminus</span> <span class='ocrx_word' id='word_1_162' title='bbox 1904 2752 1987 2831; x_wconf 89' lang='lat' dir='ltr'>int-</span> 
     </span>
     <span class='ocr_line' id='line_1_22' title="bbox 670 2860 1988 2978; baseline 0.008 -38"><span class='ocrx_word' id='word_1_163' title='bbox 670 2867 824 2969; x_wconf 89' lang='lat' dir='ltr'>proprie</span> <span class='ocrx_word' id='word_1_164' title='bbox 838 2862 1010 2970; x_wconf 83' lang='lat' dir='ltr'>sumitur,</span> <span class='ocrx_word' id='word_1_165' title='bbox 1026 2866 1190 2948; x_wconf 85' lang='lat' dir='ltr'>adalind</span> <span class='ocrx_word' id='word_1_166' title='bbox 1206 2864 1299 2978; x_wconf 94' lang='lat' dir='ltr'>quid</span> <span class='ocrx_word' id='word_1_167' title='bbox 1315 2860 1574 2945; x_wconf 80' lang='lat' dir='ltr'>denotandum</span> <span class='ocrx_word' id='word_1_168' title='bbox 1590 2860 1829 2968; x_wconf 69' lang='lat' dir='ltr'>transfertur,</span> <span class='ocrx_word' id='word_1_169' title='bbox 1863 2888 1988 2977; x_wconf 82' lang='lat' dir='ltr'>quam</span> 
     </span>
     <span class='ocr_line' id='line_1_23' title="bbox 671 2973 1987 3097; baseline 0.002 -39"><span class='ocrx_word' id='word_1_170' title='bbox 671 2978 736 3058; x_wconf 90' lang='lat' dir='ltr'>cui</span> <span class='ocrx_word' id='word_1_171' title='bbox 757 2976 994 3085; x_wconf 85' lang='lat' dir='ltr'>indigitando</span> <span class='ocrx_word' id='word_1_172' title='bbox 1026 2982 1226 3064; x_wconf 80' lang='lat' dir='ltr'>destinetur</span> <span class='ocrx_word' id='word_1_173' title='bbox 1255 2980 1309 3087; x_wconf 67' lang='lat' dir='ltr'>(p.</span> <span class='ocrx_word' id='word_1_174' title='bbox 1327 2991 1402 3087; x_wconf 86' lang='lat'>138.</span> <span class='ocrx_word' id='word_1_175' title='bbox 1431 2981 1462 3086; x_wconf 91' lang='lat'>).</span> <span class='ocrx_word' id='word_1_176' title='bbox 1524 2973 1839 3097; x_wconf 80' lang='lat' dir='ltr'>Qnmobretnsr</span> <span class='ocrx_word' id='word_1_177' title='bbox 1870 3000 1987 3065; x_wconf 82' lang='lat' dir='ltr'>autor</span> 
     </span>
     <span class='ocr_line' id='line_1_24' title="bbox 669 3090 1987 3205; baseline 0.005 -33"><span class='ocrx_word' id='word_1_178' title='bbox 669 3090 848 3199; x_wconf 70' lang='lat' dir='ltr'>premissa</span> <span class='ocrx_word' id='word_1_179' title='bbox 883 3092 1102 3179; x_wconf 87' lang='lat' dir='ltr'>definitione</span> <span class='ocrx_word' id='word_1_180' title='bbox 1137 3096 1382 3205; x_wconf 82' lang='lat' dir='ltr'>fignificntum</span> <span class='ocrx_word' id='word_1_181' title='bbox 1413 3098 1667 3201; x_wconf 89' lang='lat' dir='ltr'>improprium</span> <span class='ocrx_word' id='word_1_182' title='bbox 1691 3118 1771 3177; x_wconf 92' lang='lat' dir='ltr'>non</span> <span class='ocrx_word' id='word_1_183' title='bbox 1797 3092 1987 3203; x_wconf 72' lang='lat' dir='ltr'>explicem</span> 
     </span>
     <span class='ocr_line' id='line_1_25' title="bbox 668 3202 1988 3323; baseline 0.009 -38"><span class='ocrx_word' id='word_1_184' title='bbox 668 3202 791 3291; x_wconf 74' lang='lat' dir='ltr'>ledior</span> <span class='ocrx_word' id='word_1_185' title='bbox 820 3208 949 3291; x_wconf 91' lang='lat' dir='ltr'>denuo</span> <span class='ocrx_word' id='word_1_186' title='bbox 981 3212 1120 3295; x_wconf 79' lang='lat' dir='ltr'>haerere</span> <span class='ocrx_word' id='word_1_187' title='bbox 1148 3210 1281 3314; x_wconf 88' lang='lat' dir='ltr'>debet,</span> <span class='ocrx_word' id='word_1_188' title='bbox 1310 3235 1512 3321; x_wconf 84' lang='lat' dir='ltr'>quamnam</span> <span class='ocrx_word' id='word_1_189' title='bbox 1528 3236 1618 3291; x_wconf 91' lang='lat' dir='ltr'>cum</span> <span class='ocrx_word' id='word_1_190' title='bbox 1641 3212 1808 3293; x_wconf 87' lang='lat' dir='ltr'>termino</span> <span class='ocrx_word' id='word_1_191' title='bbox 1834 3214 1988 3323; x_wconf 90' lang='lat' dir='ltr'>impro-</span> 
     </span>
     <span class='ocr_line' id='line_1_26' title="bbox 670 3320 1985 3436; baseline 0.011 -37"><span class='ocrx_word' id='word_1_192' title='bbox 670 3326 757 3430; x_wconf 91' lang='lat' dir='ltr'>prio</span> <span class='ocrx_word' id='word_1_193' title='bbox 775 3329 976 3407; x_wconf 90' lang='lat' dir='ltr'>notionem</span> <span class='ocrx_word' id='word_1_194' title='bbox 994 3333 1225 3436; x_wconf 81' lang='lat' dir='ltr'>conjungere</span> <span class='ocrx_word' id='word_1_195' title='bbox 1240 3324 1384 3408; x_wconf 84' lang='lat' dir='ltr'>debeat.</span> <span class='ocrx_word' id='word_1_196' title='bbox 1440 3320 1547 3407; x_wconf 81' lang='lat' dir='ltr'>Patet</span> <span class='ocrx_word' id='word_1_197' title='bbox 1561 3326 1677 3433; x_wconf 84' lang='lat' dir='ltr'>igitur</span> <span class='ocrx_word' id='word_1_198' title='bbox 1692 3342 1735 3407; x_wconf 90' lang='lat' dir='ltr'>ut</span> <span class='ocrx_word' id='word_1_199' title='bbox 1750 3344 1873 3433; x_wconf 72' lang='grc' dir='ltr'>11111ἰ</span> <span class='ocrx_word' id='word_1_200' title='bbox 1889 3354 1985 3413; x_wconf 90' lang='lat' dir='ltr'>eum</span> 
     </span>
     <span class='ocr_line' id='line_1_27' title="bbox 671 3435 1987 3555; baseline 0.007 -36"><span class='ocrx_word' id='word_1_201' title='bbox 671 3464 722 3519; x_wconf 85' lang='lat' dir='ltr'>ex</span> <span class='ocrx_word' id='word_1_202' title='bbox 741 3435 1024 3524; x_wconf 87' lang='lat' dir='ltr'>definitionibus</span> <span class='ocrx_word' id='word_1_203' title='bbox 1046 3445 1208 3544; x_wconf 81' lang='lat' dir='ltr'>judicare</span> <span class='ocrx_word' id='word_1_204' title='bbox 1230 3468 1310 3524; x_wconf 95' lang='lat' dir='ltr'>non</span> <span class='ocrx_word' id='word_1_205' title='bbox 1327 3438 1442 3550; x_wconf 75' lang='lat' dir='ltr'>petie,</span> <span class='ocrx_word' id='word_1_206' title='bbox 1458 3443 1613 3551; x_wconf 83' lang='lat' dir='ltr'>quinam</span> <span class='ocrx_word' id='word_1_207' title='bbox 1628 3436 1670 3527; x_wconf 84' lang='lat' dir='ltr'>fit</span> <span class='ocrx_word' id='word_1_208' title='bbox 1684 3438 1807 3523; x_wconf 83' lang='lat' dir='ltr'>sensus</span> <span class='ocrx_word' id='word_1_209' title='bbox 1833 3468 1987 3555; x_wconf 78' lang='lat' dir='ltr'>propo·</span> 
     </span>
     <span class='ocr_line' id='line_1_28' title="bbox 669 3548 1984 3673; baseline 0.006 -36"><span class='ocrx_word' id='word_1_210' title='bbox 669 3548 849 3637; x_wconf 85' lang='lat' dir='ltr'>fitionum</span> <span class='ocrx_word' id='word_1_211' title='bbox 876 3579 919 3637; x_wconf 82' lang='lat' dir='ltr'>ac</span> <span class='ocrx_word' id='word_1_212' title='bbox 946 3555 1242 3664; x_wconf 87' lang='lat' dir='ltr'>definitionum,</span> <span class='ocrx_word' id='word_1_213' title='bbox 1271 3581 1363 3669; x_wconf 87' lang='lat' dir='ltr'>quas</span> <span class='ocrx_word' id='word_1_214' title='bbox 1391 3552 1652 3664; x_wconf 83' lang='lat' dir='ltr'>ingrediuntur</span> <span class='ocrx_word' id='word_1_215' title='bbox 1664 3558 1817 3641; x_wconf 89' lang='lat' dir='ltr'>termini</span> <span class='ocrx_word' id='word_1_216' title='bbox 1844 3584 1984 3673; x_wconf 82' lang='lat' dir='ltr'>perpe·</span> 
     </span>
     <span class='ocr_line' id='line_1_29' title="bbox 670 3668 937 3753; baseline 0 -4"><span class='ocrx_word' id='word_1_217' title='bbox 670 3692 750 3753; x_wconf 83' lang='lat' dir='ltr'>tem</span> <span class='ocrx_word' id='word_1_218' title='bbox 782 3668 937 3751; x_wconf 89' lang='lat' dir='ltr'>definiti.</span> 
     </span>
    </p>
   </div>
   <div class='ocr_carea' id='block_1_5' title="bbox 708 3780 1985 4585">
    <p class='ocr_par' dir='ltr' id='par_1_6' title="bbox 708 3780 1985 4585">
     <span class='ocr_line' id='line_1_30' title="bbox 722 3780 1985 3910; baseline 0.008 -52"><span class='ocrx_word' id='word_1_219' title='bbox 722 3887 730 3905; x_wconf 35' lang='lat'>⁸</span> <span class='ocrx_word' id='word_1_220' title='bbox 770 3780 813 3859; x_wconf 87' lang='lat' dir='ltr'>E.</span> <span class='ocrx_word' id='word_1_221' title='bbox 823 3808 873 3879; x_wconf 84' lang='lat' dir='ltr'>gr.</span> <span class='ocrx_word' id='word_1_222' title='bbox 899 3787 1018 3883; x_wconf 82' lang='lat' dir='ltr'>Siquis</span> <span class='ocrx_word' id='word_1_223' title='bbox 1027 3788 1216 3859; x_wconf 73' lang='lat' dir='ltr'>intelielium</span> <span class='ocrx_word' id='word_1_224' title='bbox 1233 3783 1349 3862; x_wconf 83' lang='lat' dir='ltr'>definit</span> <span class='ocrx_word' id='word_1_225' title='bbox 1364 3813 1427 3888; x_wconf 85' lang='lat' dir='ltr'>per</span> <span class='ocrx_word' id='word_1_226' title='bbox 1442 3791 1546 3862; x_wconf 81' lang='lat' dir='ltr'>lumen</span> <span class='ocrx_word' id='word_1_227' title='bbox 1566 3796 1690 3879; x_wconf 70' lang='lat' dir='ltr'>nornis,</span> <span class='ocrx_word' id='word_1_228' title='bbox 1705 3812 1824 3910; x_wconf 70' lang='lat' dir='ltr'>voeern</span> <span class='ocrx_word' id='word_1_229' title='bbox 1841 3788 1985 3869; x_wconf 71' lang='lat' dir='ltr'>luminii</span> 
     </span>
     <span class='ocr_line' id='line_1_31' title="bbox 716 3878 1985 4093; baseline 0.009 -35"><span class='ocrx_word' id='word_1_230' title='bbox 716 3909 834 4059; x_wconf 70' lang='lat' dir='ltr'>fid?</span> <span class='ocrx_word' id='word_1_231' title='bbox 834 3878 1164 4087; x_wconf 55' lang='lat' dir='ltr'>Pssiiiifiiindif</span> <span class='ocrx_word' id='word_1_232' title='bbox 1165 3910 1303 4086; x_wconf 59' lang='lat'>31:2⁰3?</span> <span class='ocrx_word' id='word_1_233' title='bbox 1309 3884 1630 4091; x_wconf 62' lang='lat' dir='ltr'>fifizdfifid</span> <span class='ocrx_word' id='word_1_234' title='bbox 1640 3884 1849 4067; x_wconf 51' lang='lat' dir='ltr'>insidii?</span> <span class='ocrx_word' id='word_1_235' title='bbox 1852 3914 1985 4093; x_wconf 57' lang='lat' dir='ltr'>“iffi</span> 
     </span>
     <span class='ocr_line' id='line_1_32' title="bbox 714 4084 1980 4195; baseline 0.009 -34"><span class='ocrx_word' id='word_1_236' title='bbox 714 4084 754 4161; x_wconf 82' lang='lat' dir='ltr'>Si</span> <span class='ocrx_word' id='word_1_237' title='bbox 767 4090 842 4185; x_wconf 82' lang='lat' dir='ltr'>quit</span> <span class='ocrx_word' id='word_1_238' title='bbox 858 4084 1097 4179; x_wconf 78' lang='lat' dir='ltr'>affirmaverit,</span> <span class='ocrx_word' id='word_1_239' title='bbox 1123 4092 1367 4167; x_wconf 78' lang='lat' dir='ltr'>emendationem</span> <span class='ocrx_word' id='word_1_240' title='bbox 1391 4097 1526 4170; x_wconf 70' lang='lat' dir='ltr'>hortinis</span> <span class='ocrx_word' id='word_1_241' title='bbox 1549 4120 1610 4167; x_wconf 83' lang='lat' dir='ltr'>non</span> <span class='ocrx_word' id='word_1_242' title='bbox 1632 4100 1732 4195; x_wconf 82' lang='lat' dir='ltr'>incipi</span> <span class='ocrx_word' id='word_1_243' title='bbox 1744 4090 1911 4187; x_wconf 59' lang='lat' dir='ltr'>deberem</span> <span class='ocrx_word' id='word_1_244' title='bbox 1928 4106 1980 4173; x_wconf 76' lang='lat' dir='ltr'>in·</span> 
     </span>
     <span class='ocr_line' id='line_1_33' title="bbox 713 4186 1977 4293; baseline 0.009 -32"><span class='ocrx_word' id='word_1_245' title='bbox 713 4190 857 4275; x_wconf 69' lang='lat' dir='ltr'>tolleitur</span> <span class='ocrx_word' id='word_1_246' title='bbox 873 4186 1025 4264; x_wconf 83' lang='lat' dir='ltr'>definitio</span> <span class='ocrx_word' id='word_1_247' title='bbox 1032 4194 1073 4266; x_wconf 82' lang='lat' dir='ltr'>ad</span> <span class='ocrx_word' id='word_1_248' title='bbox 1087 4191 1357 4292; x_wconf 84' lang='lat' dir='ltr'>propofitionem</span> <span class='ocrx_word' id='word_1_249' title='bbox 1376 4195 1629 4293; x_wconf 72' lang='lat' dir='ltr'>intelligendam</span> <span class='ocrx_word' id='word_1_250' title='bbox 1643 4196 1785 4271; x_wconf 86' lang='lat' dir='ltr'>minime</span> <span class='ocrx_word' id='word_1_251' title='bbox 1804 4197 1977 4275; x_wconf 78' lang='lat' dir='ltr'>conducit.</span> 
     </span>
     <span class='ocr_line' id='line_1_34' title="bbox 710 4286 1979 4403; baseline 0.011 -41"><span class='ocrx_word' id='word_1_252' title='bbox 710 4286 749 4362; x_wconf 87' lang='lat' dir='ltr'>Si</span> <span class='ocrx_word' id='word_1_253' title='bbox 773 4294 864 4365; x_wconf 88' lang='lat' dir='ltr'>enim</span> <span class='ocrx_word' id='word_1_254' title='bbox 878 4290 1110 4369; x_wconf 88' lang='lat' dir='ltr'>definitionem</span> <span class='ocrx_word' id='word_1_255' title='bbox 1125 4298 1160 4371; x_wconf 92' lang='lat' dir='ltr'>in</span> <span class='ocrx_word' id='word_1_256' title='bbox 1181 4296 1298 4369; x_wconf 83' lang='lat' dir='ltr'>locum</span> <span class='ocrx_word' id='word_1_257' title='bbox 1314 4294 1442 4373; x_wconf 82' lang='lat' dir='ltr'>definiti</span> <span class='ocrx_word' id='word_1_258' title='bbox 1464 4294 1654 4387; x_wconf 75' lang='lat' dir='ltr'>substituet,</span> <span class='ocrx_word' id='word_1_259' title='bbox 1671 4296 1744 4371; x_wconf 74' lang='lat' dir='ltr'>hee</span> <span class='ocrx_word' id='word_1_260' title='bbox 1762 4298 1883 4397; x_wconf 86' lang='lat' dir='ltr'>prodit</span> <span class='ocrx_word' id='word_1_261' title='bbox 1898 4326 1979 4403; x_wconf 88' lang='lat' dir='ltr'>pro·</span> 
     </span>
     <span class='ocr_line' id='line_1_35' title="bbox 708 4387 1980 4519; baseline 0.009 -51"><span class='ocrx_word' id='word_1_262' title='bbox 708 4387 831 4487; x_wconf 72' lang='lat' dir='ltr'>politio</span> <span class='ocrx_word' id='word_1_263' title='bbox 854 4393 980 4500; x_wconf 68' lang='lat' dir='ltr'>altere,</span> <span class='ocrx_word' id='word_1_264' title='bbox 1010 4397 1256 4519; x_wconf 56' lang='lat' dir='ltr'>mendatiorum</span> <span class='ocrx_word' id='word_1_265' title='bbox 1281 4400 1418 4501; x_wconf 65' lang='lat' dir='ltr'>demittit</span> <span class='ocrx_word' id='word_1_266' title='bbox 1442 4424 1504 4480; x_wconf 81' lang='lat' dir='ltr'>m</span> <span class='ocrx_word' id='word_1_267' title='bbox 1529 4404 1646 4507; x_wconf 65' lang='lat' dir='ltr'>adp·</span> <span class='ocrx_word' id='word_1_268' title='bbox 1669 4394 1826 4483; x_wconf 55' lang='lat' dir='ltr'>eima</span> <span class='ocrx_word' id='word_1_269' title='bbox 1857 4402 1980 4479; x_wconf 71' lang='lat' dir='ltr'>onore</span> 
     </span>
     <span class='ocr_line' id='line_1_36' title="bbox 1755 4530 1969 4585; baseline 0.009 -2"><span class='ocrx_word' id='word_1_270' title='bbox 1755 4566 1757 4571; x_wconf 91' lang='lat'>-</span> <span class='ocrx_word' id='word_1_271' title='bbox 1890 4530 1969 4585; x_wconf 77' lang='grc' dir='ltr'><strong><em>Μ</em></strong></span> 
     </span>
    </p>
   </div>
   <div class='ocr_carea' id='block_1_6' title="bbox 0 0 2426 5634">
    <p class='ocr_par' dir='ltr' id='par_1_7' title="bbox 0 0 2426 5634">
     <span class='ocr_line' id='line_1_37' title="bbox 0 0 2426 5634; baseline 0 0"><span class='ocrx_word' id='word_1_272' title='bbox 0 0 2426 5634; x_wconf 95' lang='lat' dir='ltr'> </span> 
     </span>
    </p>
   </div>
  </div>
 </body>
</html>
