4834 5634
1582 873 2816 1049 &modisſjtllogffmqrum
3361 914 3512 1026 311

972 1109 1135 1211 Jnm
1151 1108 1421 1209 primus
1442 1100 1863 1207 syllogismus
1880 1110 2207 1205 generalis
2226 1113 2542 1209 exprimit
2555 1108 2840 1183 modum
2859 1102 3506 1193 Barbara,seeundua

968 1210 1263 1285 modum
1284 1216 1511 1298 Darii,
1526 1217 1759 1284 tertius
1774 1214 2061 1285 modum
2078 1216 2391 1298 Celarent,
2406 1234 2682 1309 quartus
2701 1210 2980 1284 modum
2997 1210 3504 1307 Ferio‚adeoque

962 1306 1347 1415 syllogismi
1370 1318 1605 1411 primae
1620 1312 1855 1409 figura
1872 1308 2305 1389 absolvuntur
2320 1309 2622 1389 distinsta
2655 1310 2838 1387 Diffi
2869 1312 2950 1387 de
2979 1314 3172 1386 omni
3201 1310 3270 1383 &
3299 1310 3498 1385 nullo

964 1413 1457 1515 :pplicatione-

2008 1537 2069 1649 §.
2206 1550 2357 1651 381.

1130 1694 1256 1777 De
1268 1714 1406 1809 quo
1435 1707 1745 1803 negatur
1762 1743 1787 1789 ,
1858 1682 2141 1804 quotide
2180 1696 2369 1770 omm‘
2398 1686 2811 1787 affirmatur
2823 1752 2849 1797 ‚
2921 1690 3042 1777 vel
3077 1687 3362 1792 vicifflm
3407 1692 3491 1777 de
3537 1726 3948 1801 Fundamen-

858 1834 995 1935 quo
1026 1799 1477 1909 affirmatur,
1508 1798 1721 1999 ffguod
1756 1799 1839 1884 de
1854 1814 2041 1884 omni
2068 1826 2422 1919 negatum
2489 1802 2573 1885 id
2584 1801 2724 1909 sith
2763 1814 2952 1891 omni
2989 1836 3124 1891 non
3182 1817 3487 1893 contine·-
3533 1852 3672 1902 tum
3694 1836 3922 1931 proxi·
4051 1909 4059 1919 ¹

862 1954 1007 2015 mr.
1067 1983 1076 1992 -
1248 1916 1431 2003 todfi
1464 1944 1503 1998 a
1587 1938 1815 2020 rmes,
1846 1914 1979 1999 sub
2002 1922 2218 2001 omni
2250 1921 2626 2001 contineri
2659 1918 2872 2028 illud,
2924 1924 3020 2005 de
3069 1950 3227 2037 quo
3262 1953 3483 2033 nega-
3530 1958 3698 2005 mum
3695 1928 3922 2026 ficun-

861 2065 1005 2145 tur,
1022 2064 1192 2151 quo
1276 2036 1371 2116 dc
1390 2034 1607 2115 omni
1648 2032 2096 2127 affirmatum
2140 2037 2217 2113 vi
2238 2025 2566 2117 Distide
2586 2040 2802 2118 omni
2847 2038 2944 2121 de
2980 2063 3078 2120 eo
3109 2040 3480 2122 affirman-
3528 2033 3868 2131 daefigurae.

865 2160 1049 2241 dum
1080 2154 1231 2257 est,
1270 2148 1483 2263 quod
1514 2148 1923 2232 affirmatur
1938 2148 2036 2231 de
2068 2153 2343 2257 omni(
2350 2150 2411 2256 §.
2430 2152 2698 2257 346.);
2771 2151 2986 2264 quod
3019 2182 3199 2237 cum
3234 2152 3480 2265 hypo-

860 2270 1421 2373 thesmevertat,
1454 2264 1797 2375 adeoque
1816 2262 2217 2349 absurdum
2248 2257 2331 2347 fit
2360 2328 2387 2369 ,
2455 2264 2592 2348 sub
2627 2276 2846 2349 omni
2879 2269 3068 2351 illud
3103 2274 3478 2353 contineri

867 2387 1143 2503 nequit.

1146 2493 1442 2613 Qodfi
1474 2497 1621 2598 jam
1638 2520 1875 2605 porro
1890 2488 2239 2599 affirmes,
2258 2487 2390 2579 sub
2423 2496 2642 2579 omni
2659 2496 3060 2601 contineri,
3077 2494 3176 2579 dc
3191 2526 3348 2610 quo
3365 2495 3474 2581 af-

873 2620 1227 2719 firmatur,
1258 2614 1471 2727 quod
1488 2614 1581 2693 dc
1602 2617 1817 2694 omni
1838 2631 2147 2717 negatur
2163 2640 2187 2705 ς
2247 2617 2323 2693 vi
2340 2608 2555 2695 Diffi
2579 2613 2674 2695 dc
2691 2610 2904 2697 nullo
2921 2614 3014 2693 de
3031 2614 3310 2695 codem
3343 2642 3476 2695 ne-

876 2736 1190 2845 gandum
1206 2732 1337 2834 est,
1354 2729 1567 2841 quod
1584 2729 1677 2808 de
1699 2731 1914 2809 omni
1930 2746 2241 2833 negatur
2304 2729 2411 2835 (§.
2436 2732 2696 2836 347.):
2752 2728 2968 2841 quod
2997 2754 3178 2811 cum
3210 2730 3470 2813 denuo

880 2844 1309 2963 hypothesin
1326 2865 1629 2945 evertat,
1651 2838 1835 2923 illud
1850 2834 1981 2923 sub
2000 2846 2215 2924 omni
2250 2848 2620 2926 contineri
2669 2850 2952 2957 nequit.

1048 2962 1133 3039 E.
1164 2988 1263 3059 gr.
1288 2966 1391 3033 De
1405 2969 1577 3031 omni
1589 2960 1911 3057 tiiangulo
1930 2951 2320 3047 affirmatur,
2338 2960 2520 3056 quod
2533 2959 2904 3035 habeatem
2920 2965 3199 3057 angulos.
3217 2968 3466 3065 Quam·

960 3068 1195 3143 obrem
1224 3086 1380 3135 cum
1398 3062 1477 3133 de
1492 3062 1831 3157 Qadrato
1845 3082 2145 3152 negetur,
2176 3060 2361 3155 quod
2390 3056 2620 3133 habeat
2660 3083 2790 3134 tres
2819 3067 3080 3161 angulos
3097 3092 3126 3151 ‚·
3175 3064 3474 3165 Qadra·

964 3191 1102 3243 tum
1131 3162 1553 3257 triangulum
1590 3158 1715 3234 esse
1748 3168 1998 3256 nequit.
2120 3162 2441 3233 Similiter
2487 3160 2568 3234 de
2598 3173 2770 3235 omni
2805 3168 3130 3261 triangulo
3173 3188 3472 3260 negatur,

970 3269 1141 3368 quod
1170 3264 1399 3341 habeat
1426 3270 1705 3365 quinque
1738 3266 2021 3363 angulos.
2178 3269 2402 3362 Quare
2423 3288 2577 3334 cum
2595 3263 2678 3335 de
2707 3266 3066 3362 Pentagono
3085 3263 3470 3356 affirmetur,

972 3372 1141 3471 quod
1154 3366 1384 3447 babeat
1398 3375 1676 3467 quinque
1688 3366 1949 3464 angulos
1967 3392 1992 3447 ,·
2058 3364 2520 3457 Pentagonum
2539 3366 2950 3459 triangulum
2968 3362 3092 3441 esse
3107 3374 3366 3467 nequit.

1975 3508 2037 3617 §·
2174 3520 2344 3618 382·

1120 3670 1521 3787 rufi-cunda
1538 3671 1805 3793 figura
1836 3667 2818 3787 Modisitllogssr‘norumfimt
2869 3696 3227 3793 quatuor3
3285 3681 3467 3763 Con·
3518 3734 3607 3808 M
3634 3732 3706 3806 d,
3741 3728 3819 3809 ὃ,
3845 3752 3942 3799 η,

918 3778 1345 3911 cbrfiofit'nper
1360 3791 1453 3896 est
1468 3796 1807 3907 nega‘iva
1848 3786 1924 3867 ὅ(
1956 3788 2506 3895 Μῄονβευφεν
2538 3792 2978 3886 umverlblis.
3094 3784 3180 3875 In
3229 3796 3464 3905 figura
3553 3760 3944 3927 ,ἅψωμαι

924 3906 1173 3993 secun-sla
1236 3902 1651 4020 propositio
1716 3905 1957 4003 maior
2009 3901 2085 3982 ὅ(
2131 3906 2385 3983 minor
2433 3901 2638 3985 idem
2691 3904 2969 3988 habent
2983 3912 3462 4017 praedicatum
3497 3867 3745 4039 [qugm-ae.

926 4024 1229 4135 (§.344..)
1342 4020 1577 4107 Enim
1594 4047 1725 4103 ver
1742 4046 1794 4099 o
1812 4016 1861 4099 fi
1882 4018 2087 4099 idem
2104 4018 2582 4125 praedicatum
2601 4016 2662 4101 B
2681 4022 2776 4102 de
2791 4019 3094 4107 diversis
3124 4025 3469 4129 subjestis

930 4134 1051 4247 Ag&
1080 4138 1377 4227 Csimul
1392 4140 1799 4220 affirmatur
1833 4132 1908 4215 Gt
1942 4157 2253 4241 negatur
2310 4198 2335 4239 ,
2425 4162 2584 4217 non
2615 4137 2793 4218 inde
2811 4140 3165 4223 concludi
3196 4145 3468 4253 potest,

928 4261 1076 4364 quod
1102 4256 1171 4343 C
1202 4260 1677 4341 contineatur
1708 4248 1841 4333 sub
1860 4248 1945 4331 A
1973 4271 2327 4359 tanquam
2366 4275 2638 4358 genere
2671 4252 3036 4362 &spe-cie,
3115 4259 3234 4341 vel
3255 4262 3469 4371 quod

926 4368 1284 4458 subeodem
1316 4396 1479 4454 non
1513 4374 1983 4452 contineatur
2042 4428 2067 4471 ,
2118 4366 2245 4446 seu
2280 4394 2417 4449 nec
2436 4367 2692 4449 inferri
2731 4373 3006 4477 potest:
3128 4380 3342 4457 Omne
3362 4375 3483 4459 vel

924 4484 1433 4591 Qoddamc’esl
1466 4492 1531 4569 A
1568 4549 1593 4592 ,
1652 4508 1791 4567 nec
1842 4487 2065 4563 Omne
2108 4482 2227 4565 vel
2252 4482 2627 4589 ,Qgtoddam
2687 4492 2912 4567 Cnon
2963 4484 3054 4588 cst
3113 4495 3238 4595 A,
3293 4517 3476 4573 cum

922 4610 1347 4689 contranetur
1376 4598 1822 4709 hypothesi,
1930 4596 2091 4678 uod
2124 4593 2211 4679 A
2260 4596 2339 4677 δι
2388 4594 2462 4683 C
2492 4588 2630 4682 sint
2679 4599 2960 4681 diversa
3005 4600 3329 4705 subjesta
3392 4609 3475 4689 in

918 4728 1279 4809 communi.
1444 4713 1756 4799 Etenim
1790 4715 1841 4799 fi
1976 4716 2492 4797 contineretur
2525 4714 2660 4797 sub
2677 4719 2893 4795 omni
2919 4712 2998 4797 A
3019 4778 3044 4817 ,
3087 4718 3473 4811 conclusio

915 4826 1409 4923 foretidentica.
1538 4828 1829 4947 Qodfi
1850 4855 2033 4909 vero
2070 4831 2147 4907 in
2167 4831 2468 4913 minore
2485 4825 2607 4913 vel
2626 4825 3149 4940 universaliter,
3167 4832 3288 4916 vel
3303 4862 3472 4946 par·

908 4950 1253 5041 donanter
1282 4972 1621 5065 negatur,
1698 4942 1911 5063 quod
1947 4940 2453 5034 universaliter
2523 4946 2928 5035 affirmatur
3004 4950 3080 5027 in
3155 4958 3473 5059 majore,

3347 5068 3470 5150 vel
