4834 5634
954 842 1343 951 viribus
1364 846 1475 947 in
1506 840 2159 969 convincenda,
2184 841 3006 973 controvertentIO,
3027 848 3208 956 &a
3283 859 3492 990 843

868 1068 1113 1155 tundis
1130 1067 1386 1169 fieerit
1428 1070 1754 1175 versatus
1788 1132 1811 1171 ,
1854 1097 1943 1152 ae
1978 1090 2339 1171 praeterea
2380 1074 2752 1185 principiis
2787 1068 2886 1157 ὅ
2919 1066 3176 1155 habim
3207 1068 3486 1155 demon·
3535 1102 3678 1151 nem
3701 1076 3987 1173 defende·

850 1186 1177 1289 finandi,
1214 1212 1335 1267 nec
1360 1210 1501 1267 non
1528 1192 1915 1269 veritatem
1926 1184 2415 1301 propositionis
2445 1214 2494 1267 a
2505 1184 2885 1301 posteriori
2913 1183 3324 1285 stabiliendi
3371 1198 3484 1271 in·
3533 1206 3606 1252 νδ
3625 1178 3814 1283 pfft·

850 1301 1161 1411 struatis
1174 1333 1209 1397 ;
1242 1306 1308 1381 ἐι
1326 1299 1855 1415 propofitionem
1897 1308 2391 1418 impugnatam
2431 1296 2800 1399 defindere
2849 1302 3057 1393 valet.
3161 1298 3484 1386 Etenim

862 1422 999 1531 qui
1036 1426 1113 1501 in
1148 1412 1795 1525 propoiitionibus
1824 1414 2399 1499 demonstrativa
2427 1422 2718 1499 ratione
2734 1418 3298 1526 interpretandis
3315 1414 3482 1499 fue-

866 1540 965 1615 rit
1002 1532 1327 1615 versatus
1358 1596 1389 1635 ,
1438 1532 1503 1611 is
1552 1531 1969 1615 verborum
2012 1537 2091 1613 in
2122 1530 2454 1617 alienum
2497 1530 2790 1615 sensum
2837 1532 3320 1615 detortorum
3351 1559 3480 1613 ve-

868 1676 1045 1729 rum
1076 1647 1367 1729 sensum
1400 1646 1949 1751 demonstrare,
1980 1647 2297 1751 aut‚ubi
2324 1650 2389 1729 is
2423 1648 2998 1730 demonstrativa
3032 1652 3322 1731 ratione
3351 1674 3480 1755 pa-

868 1786 1033 1844 tere
1064 1760 1364 1873 nequit,
1404 1788 1499 1843 ea·
1518 1766 1619 1842 ita
1646 1766 2109 1871 interpretari
2142 1766 2403 1865 novit,
2439 1782 2524 1845 ut
2555 1763 2848 1843 senfiim
2879 1760 3194 1845 fundant
3225 1769 3480 1871 impu-

871 1886 1127 1985 gnanti
1156 1878 1563 1987 probatum
1580 1938 1605 1981 ,
1640 1876 2179 1987 consequenter
2214 1876 2653 1959 sententiam
2681 1879 2886 1959 suam
2912 1884 3176 1959 contra
3205 1876 3483 1959 verbo-

870 2020 1045 2077 rum
1076 1993 1539 2077 detorsiones
1564 2056 1593 2097 ‚
1637 1990 1763 2073 vel
1799 1990 2007 2076 falsas
2034 2012 2163 2075 aut
2190 2018 2235 2073 a
2268 2014 2523 2075 mente
2552 1992 2678 2075 sua
2723 1990 2998 2079 alienas
3044 1991 3483 2103 interpreta-

874 2116 1125 2193 tiones
1158 2109 1563 2191 defendere
1592 2105 1811 2188 valet.

1096 2224 1183 2309 Si
1209 2232 1377 2337 quis
1410 2227 1796 2333 principiis
1830 2248 1914 2301 ac
1946 2218 2205 2303 habitu
2238 2220 2794 2305 demonstrandi
2841 2220 3080 2331 pollet
3109 2287 3134 2329 ‚
3204 2228 3266 2303 is
3299 2248 3480 2330 pro-

874 2340 1331 2453 positionem
1374 2344 1892 2449 impugnatam
1935 2338 2441 2420 demonstrare
2475 2400 2500 2442 ‚
2577 2360 2744 2420 tum
2789 2344 3021 2419 etiam
3087 2339 3480 2421 ostendere

880 2456 1121 2561 valet,
1150 2456 1243 2539 ab
1274 2461 1761 2565 impugnante
1792 2453 1985 2534 sumi
2014 2456 2379 2562 principia
2404 2458 2730 2563 precaria
2751 2518 2774 2557 ,
2809 2454 2932 2537 vel
2961 2452 3132 2537 falsa
3163 2520 3192 2559 ‚
3241 2452 3364 2535 vel
3395 2459 3480 2535 in

874 2572 1209 2658 formam
1252 2568 1862 2679 syllogismorum
1897 2572 2249 2677 impingi,
2276 2568 2405 2651 ubi
2437 2570 2722 2684 aliquid
2749 2572 3036 2656 horum
3065 2574 3481 2679 contingit,

870 2718 1013 2773 nec
1044 2694 1299 2771 minus
1328 2686 1383 2770 fi
1423 2686 1575 2796 ipse
1604 2689 2159 2795 principiorum
2190 2690 2706 2795 precariorum
2735 2686 2860 2771 vel
2889 2686 3180 2771 violatae
3215 2685 3481 2771 formae

874 2807 1533 2888 demonstrationis
1570 2830 1739 2884 reus
1770 2798 2071 2903 sistitur,
2104 2801 2180 2881 Gt
2212 2800 2337 2885 illa
2366 2804 2876 2889 demonstrare
2908 2869 2933 2910 ‚
2979 2802 3058 2885 ὅτ
3089 2804 3285 2888 hanc
3315 2808 3482 2886 vin-

876 2922 1169 3014 dicare3
1202 2924 1453 3001 immo
1486 2924 1920 3021 veritatem,
1954 2918 2261 3027 quando
2291 2944 2488 3027 opus
2519 2922 2668 3025 est,
2700 2920 3292 3033 consequentia,
3318 2948 3480 3031 quae

871 3058 1227 3148 tanquam
1256 3034 1565 3116 absurda
1614 3030 2035 3115 venditatur
2066 3095 2091 3136 ‚
2136 3036 2488 3116 evincere
2519 3036 2598 3117 ἃ
2627 3037 3196 3149 consequentias
3225 3062 3482 3146 preca-

876 3158 1016 3235 rias
1048 3178 1089 3233 a
1119 3158 1319 3235 veris
1354 3150 1769 3233 discernere
1798 3214 1823 3252 ‚
1871 3176 2015 3231 nec
2056 3175 2215 3232 non
2248 3150 2790 3265 consequentiae
2823 3152 3148 3237 molestae
3179 3173 3482 3235 contra-

870 3274 1065 3351 riam
1106 3296 1205 3349 ex
1252 3264 1767 3377 propositione
1817 3268 2251 3371 impugnata
2294 3266 2672 3351 deducere
2723 3270 2844 3377 (§.
2877 3296 3027 3373 551.
3069 3270 3145 3351 61
3175 3270 3480 3379 seqq.),

870 3384 1416 3495 consequenter
1442 3380 2043 3489 propositionem
2078 3382 2592 3487 impugnatam
2625 3411 2664 3467 a
2691 3389 2956 3491 priori,
2973 3406 3142 3465 tum
3173 3384 3480 3495 quando

870 3499 1175 3611 publice
1208 3500 1555 3579 nondum
1590 3498 1865 3605 prostat
1897 3492 2436 3577 demonstratio
2467 3502 2512 3605 (
2531 3500 2592 3605 ᾗ,
2629 3500 2840 3581 1062.
2863 3507 2932 3605 ),
2949 3520 3116 3581 tum
3151 3504 3226 3580 in
3261 3502 3482 3579 omni

872 3616 1043 3699 casu
1076 3616 1667 3722 impugnationis
1700 3606 1995 3692 direstae
2026 3610 2149 3719 (§.
2194 3614 2415 3709 1068.
2459 3616 2748 3725 1069.)
2779 3681 2804 3721 ‚
2851 3634 3073 3726 atque
3105 3612 3480 3699 indirestae

872 3734 997 3841 (§.
1036 3756 1257 3835 1070.
1290 3754 1489 3835 1071.
1528 3730 1803 3835 1072.)
1835 3722 2236 3809 defendere
2262 3728 2480 3810 valet.

1104 3842 1187 3927 Si
1220 3850 1387 3957 quis
1420 3844 1745 3953 denique
1780 3844 1859 3921 in
1874 3846 2183 3923 veritate
2210 3842 2822 3955 propositionum
2855 3870 2892 3926 a
2925 3848 3322 3955 posteriori
3349 3847 3485 3929 sta-

874 3960 1201 4045 bilienda
1234 3960 1555 4043 versatus
1584 3958 1852 4050 fuerit3
1888 3964 1950 4040 is
1984 3984 2023 4039 a
2054 3962 2480 4069 posteriori,
2497 3956 2631 4043 ubi
2663 3954 3222 4047 observationes
3249 3990 3337 4044 ac
3353 3991 3484 4044 ex-

878 4082 1293 4193 perimenta
1351 4082 1426 4155 in
1476 4078 1833 4184 potestate
1880 4074 2043 4157 sunt
2080 4140 2105 4178 ,
2156 4076 2608 4158 confirmare
2648 4080 2896 4185 potest
2923 4144 2948 4184 ,
3003 4080 3486 4188 praedicatum

876 4197 1288 4279 convenire
1320 4188 1657 4291 subjesto
1692 4256 1717 4294 ‚
1758 4192 2295 4303 consequenter
2340 4188 2940 4303 propofitionem
2966 4198 3488 4303 impugnatam

882 4340 923 4393 a
946 4314 1343 4423 posteriori
1378 4304 1783 4389 defendere
1817 4304 2014 4389 valet
2046 4308 2163 4415 (§.
2202 4309 2415 4415 1063.
2437 4310 2502 4417 ).

1080 4516 1155 4585 E.
1188 4538 1286 4605 gr.
1336 4514 1593 4583 Contra
1624 4528 1891 4583 morum
1920 4529 2117 4580 terrae
2144 4510 2494 4601 vertiginis
2523 4504 2664 4606 ipse
2701 4508 2910 4605 Tycha
2941 4506 3259 4603 urgebat,
3289 4504 3486 4583 aedifi-

986 4614 1085 4685 cia
1116 4612 1333 4687 eidem
1354 4606 1798 4713 superstruaa
1824 4604 2197 4707 collapsura
2228 4612 2297 4679 vi
2326 4606 2876 4707 centrifugn‚qua
2893 4634 3184 4709 corpora
3211 4614 3284 4683 in
3311 4612 3488 4711 peri·

988 4714 1227 4811 pheria
1257 4716 1487 4787 circuli
1514 4715 1641 4787 lata
1670 4738 1705 4783 a
1738 4731 1977 4784 centro
2004 4737 2129 4811 per
2158 4734 2549 4807 tangentem
2569 4710 2878 4785 recedere
2903 4736 3253 4787 conantur.
3309 4715 3486 4787 Eum

992 4810 1425 4889 defendentes
1454 4814 1873 4917 excipiebant
1892 4869 1909 4901 ,
1956 4836 2197 4886 conatu
2228 4810 2616 4907 centrifugo
2650 4816 2788 4887 vim
2821 4818 3168 4907 gravitatis
3197 4812 3326 4887 ess'e
3354 4839 3488 4888 ma·

986 4916 1205 5015 joretn
1224 4968 1247 5001 .
1280 4940 1409 5015 qua
1434 4912 1662 4995 versus
1692 4936 2004 4993 centrum
2032 4914 2490 4992 retrahuntur.
2597 4918 2967 4994 Enimvero
2995 4940 3120 4993 nee
3141 4920 3348 5017 ijcbo
3379 4917 3490 4989 de·

2176 5018 2241 5087 O
2258 5040 2301 5087 o
2334 5043 2377 5090 o
2394 5040 2440 5089 o
2470 5042 2513 5089 o
2557 5038 2603 5093 2
3299 5040 3493 5093 mon-
