4834 5634
696 601 835 713 ‘De
848 564 1163 738 experientia
1183 603 1237 709 io
1247 636 1438 745 genere.
1651 638 1747 764 481

426 828 545 941 gnita
559 822 907 941 eruendopreslooe.
935 825 1015 911 Etsi
1030 835 1134 913 enim
1148 830 1233 914 sole
1251 855 1368 916 artem
1386 842 1603 925 inveniendi
1619 864 1741 937 totam

433 943 597 1023 minime
609 941 854 1049 exhauriant,
878 943 1014 1025 multas
1032 965 1157 1029 tomen
1173 953 1345 1033 veritates
1359 959 1519 1062 proprio
1535 954 1662 1042 Marte
1679 990 1739 1045 ea·

432 1082 519 1138 rum
535 1082 612 1165 ope
627 1059 917 1169 consequimur,
934 1060 1057 1142 modo
1072 1064 1208 1145 iisdem
1225 1069 1295 1146 rite
1312 1071 1373 1147 uti*
1385 1070 1639 1157 didicerimus„

532 1176 619 1244 Haec
633 1172 711 1249 ideo
726 1199 914 1261 monemus,
923 1202 965 1247 ne
981 1170 1215 1252 insufficientia
1229 1177 1399 1253 tradidisse
1413 1184 1596 1263 videamur.
1613 1188 1731 1269 Abun-

478 1270 521 1347 de
533 1276 633 1349 euim
647 1271 786 1366 suffieit,
798 1276 890 1377 quod
909 1276 1142 1352 tradiderimus
1158 1302 1252 1360 cetto
1266 1278 1459 1381 profutura

545 1538 696 1623 Urimur
712 1555 838 1619 autem
851 1538 892 1616 in
907 1538 1065 1617 veritate
1084 1539 1243 1643 proprio
1258 1532 1387 1621 Marte
1409 1535 1567 1625 orendo
1589 1541 1731 1649 ueljilo
1752 1564 1959 1660 Quaem

411 1646 550 1759 firfie,
575 1648 638 1734 vel
653 1680 699 1733 ex
715 1656 798 1735 aliie
811 1654 961 1766 cognitis
975 1647 1222 1733 ratiocinando
1237 1654 1395 1739 elicimus
1408 1652 1559 1740 nondum
1574 1669 1728 1777 cognite.
1751 1670 1968 1771 teredinem-3

422 1764 468 1849 ln
483 1772 605 1876 priori
621 1768 706 1849 casu
727 1768 893 1850 dicimur
907 1771 1098 1849 ueritatem
1121 1793 1250 1853 eruere
1274 1798 1299 1854 a
1306 1772 1530 1886 posteriori5
1552 1776 1592 1855 in
1604 1776 1729 1883 poste·
1748 1780 1951 1870 tentatione

421 1884 522 1967 riori
537 1904 663 1965 autem
676 1892 847 1991 aptiori.
909 1901 919 1920 ’
1741 1872 1869 1974 gandi.

444 2072 453 2081 ,
525 2003 580 2070 De
595 2022 740 2095 utroque
754 2001 857 2092 igitur
870 1994 970 2070 nobis
985 1994 1165 2073 dicendum
1179 1994 1244 2087 esi,
1254 2000 1299 2070 ita
1315 2000 1452 2097 quidem
1466 2024 1504 2076 ut
1518 2004 1652 2079 initium
1670 2006 1727 2081 fiat

470 2100 633 2189 amodo,
655 2124 724 2197 quo
740 2096 835 2171 sensu
852 2098 938 2172 duce
955 2101 996 2170 ad
1010 2102 1158 2172 veritatis
1174 2100 1329 2173 nondum
1340 2102 1438 2176 nobis
1451 2108 1595 2197 cognitae
1611 2112 1726 2202 cogni-

468 2206 600 2277 tionem
610 2200 799 2288 devenitur,
809 2226 888 2272 cum
904 2202 965 2272 hac
980 2206 1107 2272 tatione
1122 2196 1221 2273 nobis
1235 2226 1473 2303 comparemus
1490 2210 1723 2304 principia,er

468 2302 595 2402 quibus
611 2300 733 2373 deinde
751 2301 851 2398 plura
863 2300 1111 2375 deducuntura
1132 2303 1255 2399 priori.
1308 2308 1346 2375 E
1360 2328 1409 2397 gr.
1436 2304 1631 2378 Asironomi
1653 2317 1722 2407 pri·

465 2430 527 2479 mo
545 2405 623 2476 loco
639 2398 890 2475 observationes
911 2401 971 2473 sibi
987 2422 1210 2501 competant,
1232 2398 1369 2477 &hisce
1388 2405 1472 2479 datia
1491 2411 1721 2486 ratiocinando

462 2506 651 2597 colligunt,
669 2530 741 2603 quae
760 2530 823 2602 per
839 2501 1106 2576 observationem
1121 2506 1263 2576 minime
1277 2526 1401 2601 patent.
1452 2512 1529 2579 Nec
1542 2508 1628 2583 oliuo
1644 2538 1720 2586 mon

461 2604 514 2683 est
536 2604 758 2705 Physicorum
781 2610 1035 2693 recentiorum,
1059 2601 1183 2703 quibus
1199 2597 1321 2676 scholae
1338 2608 1452 2679 inanes
1474 2604 1718 2687 sormulaenon

462 2704 665 2809 probantur.
714 2707 828 2779 lmmo
845 2701 905 2780 suo
920 2707 998 2778 loco
1014 2732 1051 2779 ac
1063 2728 1216 2805 tempore
1231 2704 1380 2804 patebit,
1399 2710 1530 2782 nullam
1545 2706 1608 2781 esse
1624 2708 1717 2786 disei-

461 2809 595 2910 plinam
608 2802 900 2907 philosophicam,
917 2810 954 2881 in
971 2834 1036 2906 qua
1053 2806 1232 2880 nunidem
1248 2806 1396 2880 obtineat
1415 2866 1423 2898 ,
1445 2806 1469 2879 st
1486 2810 1607 2885 docere
1624 2813 1717 2887 nolin

461 2936 504 2989 ex
516 2914 662 3011 proprio
678 2911 817 3006 ingenio
837 2907 997 3001 consilia,
1014 2908 1070 2983 sed
1086 2930 1213 2983 nomrae
1226 2930 1341 2985 rerum
1356 2905 1584 2987 consentanea.

1009 3104 1017 3121 .
1048 3043 1105 3125 66
1134 3102 1143 3121 .

519 3182 692 3293 Experiri
704 3178 888 3283 dicimur,
903 3042 1083 3289 quicspuid
1095 3066 1147 3259 sd
1161 3181 1424 3285 perceptiones
1437 3182 1578 3266 nostros
1594 3204 1711 3268 arten·
1731 3206 1883 3309 epm„

411 3306 438 3390 ti
458 3298 736 3407 cognoscimus.
794 3296 874 3405 lpsa
889 3322 981 3375 vero
997 3294 1142 3376 horum
1159 3297 1361 3397 cognitio,
1387 3324 1468 3405 quae
1491 3296 1568 3378 sola
1592 3320 1709 3382 arten.
1731 3312 1906 3405 quidde„-

411 3424 516 3505 ione
530 3414 581 3497 ad
594 3415 860 3522 perceptiones
877 3412 1018 3493 nostrus
1030 3429 1180 3517 patent,
1196 3412 1418 3522 experientia
1435 3432 1602 3495 vocatur.
1727 3434 1811 3485 oter.

507 3528 657 3603 Subinde
672 3554 810 3625 quoque
824 3536 1097 3628 experientierum
1112 3526 1251 3597 nomine
1275 3532 1416 3597 veniunt
1439 3532 1594 3603 notiones
1608 3550 1708 3631 atque

450 3634 582 3737 judicie
597 3656 637 3704 ex
653 3654 770 3701 rerum
786 3628 1005 3721 fingularium
1023 3628 1242 3726 perceptione
1257 3622 1403 3698 derivata
1418 3655 1427 3697 ι
1442 3630 1507 3703 Sed
1516 3630 1614 3704 nobis
1629 3658 1708 3708 cum

451 3740 526 3816 hoe
541 3728 726 3827 significatu
742 3730 828 3802 nihil
842 3727 890 3802 est
901 3731 1047 3830 negotii,
1062 3753 1105 3800 ne
1120 3724 1343 3800 inconstantia
1357 3724 1520 3826 loquendi
1531 3732 1639 3807 dubiae
1656 3740 1708 3808 in·

450 3836 706 3938 terpretatiouir
729 3832 811 3905 fiant
829 3830 931 3909 effata
951 3828 1072 3904 nostra.
1120 3832 1222 3901 Solem
1244 3829 1345 3901 Item
1361 3829 1594 3925 cognoscimur
1611 3835 1652 3907 ad
1668 3862 1707 3910 ea

447 3942 571 4017 attenti
586 3994 596 4025 ,
619 3960 693 4030 quae
706 3930 1003 4032 risu-percipimur.
1057 3929 1159 4003 Unde
1173 3932 1377 4028 experientia
1391 3932 1542 4007 constare
1562 3937 1718 4025 dicitur‚.

448 4040 546 4144 quod
561 4039 617 4113 Sol
626 4038 737 4109 luceat.
766 4036 927 4107 Similiter
944 4030 984 4102 ad
999 4026 1234 4129 nometipsos
1249 4037 1365 4105 attenti
1378 4030 1628 4127 cognoscimus,
1639 4058 1705 4105 nos

446 4169 523 4221 aon
537 4134 631 4241 posse
645 4132 805 4209 assensum
819 4135 969 4233 ptaebere
986 4128 1273 4221 contradictoriis,
1294 4158 1324 4205 r.
1343 4159 1392 4226 gr.
1406 4161 1478 4209 non
1490 4133 1583 4237 posse
1596 4128 1704 4227 stutue-¹

446 4269 490 4326 rc
501 4264 666 4339 tanquam
675 4261 814 4321 verum,
831 4236 925 4335 quod
938 4235 1036 4311 fimus
1053 4235 1168 4333 pluat,
1183 4232 1240 4309 vel
1254 4257 1326 4307 non
1341 4235 1454 4341 pluat·¹

510 4480 716 4607 Qoniam
732 4475 879 4571 nonnisi
894 4358 1705 4603 fingdlndddercipimumexperientiestogu·
1727 4496 1887 4597 oijeelum

411 4598 603 4701 ariumess.
1726 4609 1936 4708 experimere}

496 4758 628 4865 §Wolfii
641 4762 781 4863 logical
1105 4758 1204 4858 ΡΜ)
1290 4833 1294 4841 .
1556 4768 1703 4869 Umvtt·
