4834 5634
574 440 612 477 Ι.
668 522 766 637 330,
839 652 844 671 ὶ
1028 487 1173 605 Part.
1188 484 1228 597 I.
1245 473 1575 619 namon.
1594 476 1696 589 ΙΙΙ.Ι
1758 430 1760 435 ’

1249 713 1282 819 §-
1345 734 1440 818 407·

848 864 891 943 Si
907 860 1149 971 injjtllagismo
1164 856 1381 968 hypothetico
1395 858 1597 939 antecedens
1606 857 1766 969 pontem,
1789 856 1990 971 ponendum

425 986 632 1077 fundamen?
678 1004 810 1091 quoque
831 980 881 1084 est
894 975 1116 1095 catfiquem3
1146 975 1179 1067 fi
1187 1000 1268 1054 vero
1284 972 1484 1082 confiquens
1505 972 1661 1074 totlitur,
1694 972 1881 1053 alienam
1901 986 1991 1055 ‘ao-

432 1118 500 1172 tum
512 1092 641 1189 syllogi-
680 1124 746 1205 que
760 1095 810 1199 est
821 1096 1033 1173 antecedens.
1063 1124 1076 1135 ·
1120 1084 1277 1171 Etenim
1293 1083 1319 1168 st
1334 1085 1555 1167 antecedens
1571 1088 1746 1193 ponitur,
1774 1000 1991 1195 propofitio

433 1207 481 1273 '²¹¹'
511 1191 656 1296 ''wib“
683 1212 914 1314 categorica‚
942 1234 1022 1315 qua
1037 1205 1177 1285 eodem
1194 1205 1425 1304 continetur,
1454 1204 1505 1281 ita
1523 1203 1719 1308 repetitur,
1734 1224 1851 1308 prout
1867 1226 1993 1283 mem·

433 1304 505 1373 Μ’·
683 1323 797 1406 bnun
810 1319 1078 1431 propofitionis
1094 1316 1345 1426 hypothetica
1390 1317 1582 1397 constituit
1605 1316 1657 1422 (§.
1682 1317 1813 1424 406.).
1883 1308 1993 1451 Qa-

684 1466 726 1520 re
742 1465 832 1519 cum
846 1434 1055 1545 propositio
1070 1434 1135 1515 ista
1152 1435 1343 1515 contineat
1357 1430 1641 1535 conditionem,
1669 1428 1721 1511 ob
1738 1460 1855 1541 quam
1872 1430 1994 1535 subje-

585 1590 589 1597 ·
687 1552 753 1635 &o
769 1551 1029 1661 consequentIs
1044 1548 1286 1657 praedicatum
1296 1541 1411 1627 tribui
1426 1543 1550 1647 debet,
1575 1542 1638 1625 vel
1655 1544 1701 1625 ab
1711 1546 1852 1630 eodem
1863 1574 1993 1631 remo-

686 1670 769 1749 veri
787 1668 839 1773 (§.
857 1668 992 1774 405.);
1021 1662 1263 1745 antecedente
1291 1657 1429 1770 pofit0,
1457 1659 1631 1742 conditio
1655 1661 1720 1741 issa
1758 1663 1994 1769 admittitur,

690 1783 864 1892 adeoque
881 1785 995 1862 etiam
1012 1778 1244 1890 consequens
1260 1778 1407 1858 admitti
1423 1773 1547 1877 debet,
1563 1774 1834 1887 consequenter
1849 1783 1995 1860 incon.

689 1894 858 1982 clufione
871 1894 1141 2005 repetendum,
1156 1911 1273 2002 prout
1289 1895 1330 1972 in
1353 1892 1496 1992 majore
1519 1893 1744 1973 continetur.
1760 1890 1995 1977 Ponendum

691 2015 808 2119 igitur
827 2012 866 2093 ὄι
883 2010 1133 2122 consequens,
1162 2006 1284 2118 potito
1301 2006 1541 2087 antecedente
1559 2006 1611 2112 (d.
1627 2009 1757 2115 406.).

867 2122 1018 2259 Qodfi
1031 2130 1072 2207 in
1087 2129 1236 2206 minore
1251 2120 1482 2231 consequens
1506 2118 1651 2202 tollitur
1673 2120 1733 2204 vel
1750 2146 1996 2231 removetur,

691 2240 1033 2324 contradistorium
1047 2242 1126 2341 ejus
1140 2238 1317 2338 asseritur,
1326 2236 1431 2346 quod
1446 2240 1485 2316 in
1494 2233 1750 2344 propofitione
1766 2248 1994 2349 categorica,

691 2382 776 2467 quae
791 2356 1044 2469 consequente
1059 2358 1285 2456 continetur,
1300 2351 1519 2460 predicatur
1547 2351 1599 2458 (n
1616 2356 1748 2462 406.)
1778 2352 1885 2439 Cum
1894 2358 1995 2439 adeo

691 2468 903 2579 propofitio
920 2472 985 2551 ista
1003 2497 1085 2553 non
1098 2470 1334 2570 admittatur,
1363 2465 1425 2546 sed
1440 2487 1617 2572 negetur,
1645 2470 1753 2578 quod
1769 2474 1809 2553 in
1825 2498 1869 2554 ea
1893 2472 1995 2555 affir-

688 2603 836 2689 matur,
861 2584 922 2667 vel
938 2604 1069 2668 contra
1083 2585 1309 2686 affirmetur,
1339 2581 1445 2693 quod
1459 2584 1500 2662 in
1523 2608 1566 2661 ea
1590 2605 1745 2689 negatur
1770 2588 1834 2694 (d.
1851 2590 1996 2696 288.);

687 2725 760 2781 nec
776 2702 996 2784 antecedens
1005 2702 1151 2783 admitti
1159 2699 1302 2809 potest,
1318 2724 1396 2810 quo
1405 2693 1527 2805 posito
1536 2699 1760 2804 ponendum
1768 2722 1846 2784 erat
1861 2704 1996 2787 conse·

688 2841 822 2926 quent,
837 2824 879 2896 vi
892 2847 986 2899 nuta.
1005 2846 1032 2896 1.
1089 2812 1175 2899 Erit
1190 2819 1306 2923 igitur
1322 2815 1360 2895 Gt
1376 2813 1496 2921 ipium
1518 2811 1730 2896 tollendum
1761 2818 1814 2923 (ἕ.
1830 2822 1965 2927 406.).
1981 2806 1990 2825 ⁹

791 2934 913 3004 Omnia
929 2929 1114 3031 propofitio
1130 2931 1350 3028 hypothetica
1365 2934 1410 3000 ita
1426 2933 1619 3026 exponitur:
1645 2932 1683 2999 Si
1698 2959 1818 3021 orama,
1835 2935 1879 3027 ψ’
1905 2955 1994 3006 ante·

742 3032 865 3120 sedem,
889 3061 998 3105 aarum
1021 3042 1119 3104 ctiam
1141 3031 1185 3129 est
1207 3031 1394 3131 carrscqacnr.
1445 3029 1573 3128 Quodsi
1589 3054 1670 3122 ergo
1684 3031 1854 3120 admittit,
1871 3058 1991 3108 antece·

737 3134 869 3228 deascffe
879 3162 999 3224 veram,
1009 3134 1288 3206 admittereetiam
1299 3130 1409 3213 debes,
1424 3131 1602 3232 cernentem
1616 3132 1670 3225 effa
1684 3160 1814 3205 otram:
1839 3140 1990 3231 Sinegas,

738 3233 920 3336 confiqucm
933 3238 988 3330 effe
1002 3258 1129 3326 ttcattta3
1156 3259 1275 3328 negare
1290 3237 1389 3305 etiam
1399 3232 1701 3319 dehumatorum
1714 3239 1768 3329 effe
1782 3264 1912 3310 ocr‘arn:
1940 3238 1990 3309 ad·

738 3332 837 3410 mitio
854 3342 943 3410 enim
960 3337 1175 3410 antecedente
1192 3360 1349 3433 tanquam
1362 3360 1461 3423 vcro,
1495 3332 1737 3409 admittendum
1761 3364 1901 3436 quoque
1924 3362 1993 3411 erat

740 3432 946 3534 consequens
962 3461 1119 3535 tanquam
1140 3464 1275 3525 verum,
1305 3435 1397 3533 quod
1416 3457 1592 3534 repugnat.
1644 3440 1990 3514 Enimveronondum

738 3532 898 3633 sequitur,
925 3540 1016 3637 quod
1033 3545 1129 3614 etiam
1137 3538 1264 3633 fitblato
1283 3537 1478 3609 antecedente·
1491 3541 1558 3608 tolli
1570 3536 1677 3608 debeat
1693 3539 1885 3642 coafi’quens,
1912 3568 1989 3615 curn

739 3635 948 3735 consequens
965 3666 1003 3710 ex
1018 3641 1080 3710 alia
1095 3646 1224 3712 ratione
1240 3636 1339 3736 poffit
1357 3635 1419 3711 effe
1436 3664 1565 3710 verum.
1603 3643 1640 3708 E.
1657 3664 1706 3730 gr.
1723 3643 1913 3740 propofitio
1929 3646 1988 3739 hy·

740 3740 910 3836 pothetita
920 3739 974 3829 est,
980 3744 1018 3833 st
1019 3739 1132 3837 globus
1144 3744 1266 3838 ligneus
1282 3767 1321 3812 ex
1335 3751 1425 3813 turri
1446 3737 1622 3825 decutitur,
1651 3744 1812 3815 celcra-ime
1834 3768 1985 3821 motatur.

738 3838 868 3937 Quodfi
876 3866 958 3932 ergo
972 3845 1079 3940 ponis,
1096 3841 1225 3938 globum
1246 3845 1382 3940 agnam
1397 3868 1436 3913 ex
1450 3851 1539 3913 turri
1546 3844 1714 3941 inplanum
1729 3842 1835 3916 delabi
1842 3874 1855 3929 ,·
1866 3872 1987 3943 ponen-

740 3937 823 4011 dum
833 3967 979 4038 quoque,
994 3942 1241 4042 quodcelaeimc
1247 3964 1418 4015 revocatur.
1429 3946 1462 4013 Si
1470 3942 1561 4015 tollit
1570 3937 1784 4038 consequens,
1787 3946 1916 4043 glabram
1931 3952 1987 4048 leg·

739 4066 833 4114 ntum
846 4043 1144 4143 ittplartocelerrime
1153 4054 1280 4131 tnaoeri,
1290 4042 1476 4117 tollendum
1493 4068 1629 4142 quoque
1643 4046 1851 4133 antecedens,
1861 4052 1987 4151 qaodcx

740 4151 832 4215 turri
842 4142 985 4244 delapfics
994 4143 1216 4240 neotuntistmn
1232 4150 1443 4246 acqut'ſsoerit.
1467 4149 1650 4217 Enimvero
1669 4144 1851 4222 licettollas
1863 4175 1985 4224 antece·

739 4243 840 4334 dent,
864 4244 955 4341 quod
973 4255 1109 4318 exturrt'
1122 4248 1192 4319 dela
1203 4247 1263 4344 fin
1276 4271 1392 4320 motam
1407 4251 1622 4350 acquistoerit,
1639 4269 1830 4322 nontamen
1841 4250 1983 4327 ideotol·

736 4346 876 4420 lendum
885 4340 1107 4439 consequens,
1133 4349 1226 4445 quod
1243 4347 1364 4440 globus
1383 4349 1445 4419 alia
1466 4352 1595 4420 ratione
1617 4370 1748 4419 motum
1771 4352 1983 4426 celerrimum

731 4451 903 4614 ecpuirere
925 4446 1032 4546 potiit
1086 4448 1282 4523 sublatione
1298 4448 1520 4522 antecedentis
1540 4475 1610 4522 non
1623 4448 1756 4520 tollitur
1779 4450 1983 4551 consequent

728 4548 790 4617 nit
810 4554 846 4621 in
861 4544 936 4622 casu
953 4548 1136 4626 admodum
1150 4550 1366 4653 particulari,
1389 4575 1493 4653 quem
1505 4553 1549 4657 ‚in
1573 4546 1732 4653 sequente
1750 4555 1984 4657 propofitione

726 4643 1001 4729 determinamus.
1842 4662 1878 4751 S
1898 4668 1980 4749 408
