4834 5634
529 510 541 531 ‘
631 526 702 641 50
992 485 1207 637 Bouill.
1241 482 1574 623 Deportibut

683 724 749 793 tica
769 715 875 791 thesin
897 718 940 787 aii
965 739 1042 789 uam
1059 712 1290 799 didicerimus,
1305 710 1409 784 modo
1423 708 1522 785 nobis
1540 708 1683 799 constet,
1699 710 1792 807 quod
1807 708 1944 787 fuvere.

685 822 841 893 Vidimur
855 822 925 917 jum
940 740 1093 913 superius
1108 816 1188 905 (rut.
1205 820 1232 899 §.
1249 818 1352 907 107.)‚
1390 816 1425 885 in
1442 809 1578 910 Phybca
1601 836 1738 908 quoque
1754 811 1944 905 dogmatice

687 916 827 993 subinde
842 918 929 991 tradi
945 916 1075 1003 debete,
1093 912 1186 1011 quod
1200 912 1243 983 nd
1258 912 1552 1009 experimentalem
1570 905 1704 1011 sptsbrt.
1729 910 1799 985 Ubi
1807 918 1942 987 certitu·

691 1023 736 1095 do
754 1022 964 1114 cognitionis,
982 1041 1083 1115 quam
1097 1007 1514 1111 omnimodrminphiloso
1542 1014 1596 1083 hic
1607 1006 1765 1109 consequi
1773 1011 1946 1087 studemus

689 1127 732 1211 (d.
747 1128 831 1217 33.),
857 1145 945 1191 curae
958 1116 1119 1214 cordique
1135 1111 1256 1201 fucrit,
1283 1140 1351 1187 non
1370 1112 1454 1185 adeo
1470 1037 1552 1185 ansi
1566 1111 1722 1185 constitui
1748 1109 1886 1211 possunt
1900 1112 1950 1185 di·

690 1220 1052 1323 sciplinarumlimitet,
1080 1239 1202 1289 utnon
1226 1208 1364 1285 subinde
1379 1218 1415 1284 in
1439 1215 1502 1285 aliu
1525 1212 1684 1285 tradenda
1700 1210 1781 1301 sint,
1812 1238 1888 1312 quae
1907 1210 1949 1285 ed

692 1324 791 1395 aliam
806 1323 986 1421 pertinent.
1004 1318 1103 1389 Retio
1116 1312 1242 1413 patebit
1255 1340 1294 1386 er
1309 1318 1434 1408 Logica
1445 1344 1453 1385 t
1463 1340 1535 1385 rem
1550 1308 1656 1413 ipsam
1664 1334 1820 1411 expertus
1828 1310 1950 1389 asseve-

690 1449 741 1495 ro.
794 1427 956 1493 Ceterum
971 1419 1063 1489 hunc
1080 1438 1215 1514 quoque
1230 1412 1437 1511 deprehendi
1445 1408 1583 1503 usumst
1599 1412 1737 1511 quidem
1747 1412 1948 1512 physicae:-

691 1510 1785 1623 perintenttlisordineenobispraescriptopernastctur,utprrtee
1795 1512 1951 1613 physin,

693 1646 840 1721 quarum
855 1627 973 1713 ingens
988 1617 1033 1691 cst
1049 1638 1210 1689 numerus
1235 1619 1280 1702 (d.
1297 1626 1353 1699 80.
1364 1616 1396 1687 dt
1406 1610 1521 1713 seqq),
1530 1614 1656 1711 absque
1666 1610 1864 1690 confusione
1874 1638 1950 1713 pet·

694 1722 830 1797 crassari
845 1719 975 1821 possint.
1026 1723 1115 1791 Cum
1130 1718 1221 1789 enim
1236 1717 1272 1785 in
1290 1740 1355 1785 una
1369 1711 1486 1813 sepius
1502 1712 1723 1815 supponenda
1731 1714 1814 1805 sunt,
1828 1740 1903 1813 quae
1917 1717 1952 1789 iu

699 1826 760 1897 alia
776 1820 969 1908 traduntur,
991 1844 1038 1908 ea,
1056 1842 1129 1916 quae
1147 1812 1206 1887 fibi
1224 1836 1344 1887 mutuo
1360 1839 1470 1916 partes
1480 1812 1613 1889 diverse
1620 1815 1780 1914 prebent,
1788 1818 1956 1915 principit

698 1930 734 1999 in
745 1926 792 1995 Ph
820 1918 1143 2017 sterexperimentrli
1153 1916 1332 1989 commode
1345 1915 1742 2011 tradunturJtanyficae
1751 1921 1959 2015 experimen·

700 2027 777 2097 talis
791 1952 955 2095 beneficio
969 2018 1149 2105 obtinetur,
1169 2040 1208 2087 ut
1248 2038 1333 2089 artes
1348 2015 1492 2115 physice
1508 2018 1702 2111 dogmatice
1717 2014 1884 2109 sgilletim
1892 2040 1959 2095 tne-

701 2126 810 2199 rhodo
826 2118 1081 2196 demonstrativo
1099 2043 1294 2217 permssari
1310 2115 1441 2217 posint,
1455 2142 1517 2188 nec
1531 2121 1566 2187 in
1583 2111 1960 2216 unasupponcndafiut,

704 2253 778 2327 queo
798 2227 935 2297 demum
949 2226 984 2293 in
998 2220 1099 2291 altera
1114 2215 1400 2289 demonstrantur:
1415 2215 1507 2316 quod
1523 2215 1579 2291 etii
1587 2216 1749 2291 methodo
1758 2218 1960 2293 demonstre-

704 2324 981 2420 tivoefimpliciter
996 2345 1066 2393 non
1080 2343 1117 2391 re
1145 2342 1258 2409 ergoet,
1274 2318 1378 2391 modo
1393 2344 1444 2403 ea,
1460 2343 1533 2416 quae
1549 2321 1584 2389 in
1606 2316 1890 2395 demonstratione
1903 2318 1961 2393 di-

705 2452 772 2525 qua
786 2452 824 2497 cx
834 2418 1104 2517 subsequentibus
1115 2344 1365 2517 sbpponuntur,
1376 2418 1501 2491 ibidem
1511 2416 1775 2517 independenter
1787 2422 1960 2521 abcepro·

706 2524 880 2625 postione,
897 2523 989 2619 cujus
1002 2515 1320 2592 demonstrationem
1335 2518 1580 2613 ingrediuntur,
1598 2518 1964 2611 demonstrentuntne·

708 2652 775 2721 gna
792 2648 903 2697 tomen
918 2614 1214 2718 circumspesiione
1231 2646 1318 2719 opus
1337 2618 1382 2693 est
1398 2642 1471 2693 nrm
1484 2620 1680 2710 docenti,ne
1691 2624 1855 2697 circulum
1865 2628 1901 2695 in
1910 2621 1965 2711 dc·

710 2721 927 2799 monstrando
943 2724 1139 2809 committat,
1151 2743 1224 2793 tum
1241 2720 1301 2821 ipsi
1318 2746 1454 2820 quoque
1470 2714 1662 2811 discenti‚ut
1680 2722 1970 2815 certutreddrtur,

711 2827 805 2925 quod
820 2823 933 2896 nulius
949 2818 1141 2895 commissus
1155 2818 1270 2895 fuerit.
1299 2824 1353 2895 Ab
1367 2822 1803 2911 bacterocuralibcrrmur,
1813 2822 1969 2925 denque

713 2953 752 2999 cx
767 2929 837 3001 aliis
853 2924 1004 3023 partibut
1021 2921 1174 2995 nondum
1185 2920 1394 3021 permrsbttis
1410 2922 1551 3025 petenda
1566 2919 1687 3015 forent,
1699 2924 1809 3021 jemin
1821 2924 1968 3023 Physret

713 3026 966 3131 experimentali
979 3020 1076 3097 fuere
1092 3022 1241 3095 stabilito.

1219 3130 1246 3213 §-
1316 3153 1377 3209 nr.

432 3258 633 3366 offic-hiique
792 3240 836 3325 ln
851 3238 1101 3348 Psychoiogio
1117 3240 1305 3323 reddendo
1322 3245 1374 3325 est
1417 3247 1514 3328 tutio
1531 3270 1689 3351 eorum,
1705 3272 1786 3358 que
1809 3274 1877 3445 ᾖα
1893 3248 1969 3329 ani.
2026 3320 2028 3329 ,

429 3356 661 3472 niptrimsun·
674 3388 754 3447 mas
769 3358 951 3441 humanus
967 3354 1151 3465 possibilia
1167 3356 1252 3439 sunt
1265 3368 1314 3457 (t.
1332 3362 1484 3468 58.3t.).
1542 3358 1797 3485 Qoniumex
1841 3362 1971 3467 sycho-

429 3450 660 3589 damtsstf'm'&
676 3480 777 3585 logie
794 3474 1160 3555 demonstrationum
1173 3474 1354 3583 principia
1369 3504 1459 3559 cum
1476 3480 1516 3557 in
1531 3471 1681 3585 Logicn
1717 3480 1779 3587 (§.
1798 3482 1890 3587 89.)
1917 3496 1971 3559 κ·

431 3570 584 3662 disum
702 3620 751 3677 ue
766 3610 843 3671 une
859 3586 1075 3669 inveniendi
1114 3589 1178 3693 (ς’.
1196 3588 1306 3693 74),
1341 3596 1558 3674 tumetium
1581 3592 1877 3705 inphilosophio
1892 3616 1975 3705 prt-

675 3624 770 3793 Zico
786 3724 963 3815 petuntur
984 3704 1040 3809 (b.
1056 3704 1166 3807 92),
1195 3704 1344 3787 istarum
1363 3733 1456 3789 veto
1477 3706 1776 3819 disciplinarum,
1797 3730 1977 3823 tanquam

676 3824 870 3907 udiionum
886 3820 1058 3901 hominis
1102 3813 1339 3923 rediriciunr,
1360 3824 1547 3907 certitudo
1565 3830 1732 3909 maxime
1752 3822 1867 3911 nobis
1881 3854 1980 3915 curae

676 3940 861 4047 cordique
878 3933 951 4015 effe
965 3931 1095 4035 debet,
1124 3960 1215 4017 cunr
1232 3940 1328 4019 ratio
1343 3936 1510 4046 specialis
1531 3940 1694 4047 generali
1716 3928 1981 4054 fitperrcc'edrt

675 4060 733 4166 (q.
749 4056 849 4162 33.);
881 4051 970 4133 ideo
986 4054 1025 4128 in
1040 4043 1289 4157 Pi'yohologiu
1305 4079 1460 4165 quoque
1478 4056 1691 4141 consultum
1707 4058 1780 4163 est,
1817 4078 1859 4141 tn
1881 4062 1983 4169 μὴ·

671 4166 1981 4399 desint?distribuitis?submisisse?

672 4317 868 4507 gesbntut,
896 4416 939 4479 ut
955 4396 1190 4511 sequentium
1206 4404 1304 4482 totio
1345 4430 1413 4513 pet
1456 4324 1707 4487 untbcedentie
1722 4422 1856 4513 pateat
1889 4400 1980 4489 ·Ea

671 4520 786 4623 igitur
802 4522 898 4601 ratio
914 4514 988 4623 est,
1016 4541 1085 4601 cur
1103 4508 1369 4635 Pfflcbologiam
1391 4525 1598 4637 empiricam
1618 4516 1870 4633 philosophia
1899 4548 1987 4633 par.

1254 4680 1257 4687 ¹
1661 4716 1688 4731 ,,
1895 4658 1976 4723 iem
