4834 5634
648 510 749 637 160
849 508 1057 623 Parnl.
1079 510 1267 623 nnn.
1282 516 1392 657 Cap.
1410 518 1546 631 LDe
1559 510 1809 639 notionum

761 736 885 875 Qod
899 768 993 825 vero
1009 767 1089 831 non
1104 770 1127 824 e
1141 746 1331 825 contrario
1348 746 1506 845 notione
1522 748 1692 845 diffinita
1716 750 1966 857 destituatur}

642 864 710 973 qui
732 880 840 940 notas
856 882 1075 939 enumerare
1096 884 1177 940 non
1189 856 1308 961 valet,
1332 879 1433 969 patet
1455 888 1522 969 per
1545 862 1847 973 propositionem
1862 894 1961 977 prae·

640 978 839 1063 cedentem
866 976 920 1083 (§.
939 974 1050 1081 89.)‚
1077 976 1239 1076 vionius
1256 974 1337 1058 duae
1353 978 1592 1085 requiruntur
1605 980 1869 1085 conditioner,'
1898 999 1963 1073 ut·

641 1099 727 1205 quis
741 1111 849 1173 notas
864 1088 1129 1195 cognoscibilis
1144 1088 1249 1171 alteri
1272 1094 1473 1179 enunciare
1504 1092 1644 1201 voleat,
1673 1121 1811 1205 nempe
1824 1100 1961 1183 notio-

641 1234 733 1289 nem
774 1202 912 1291 habere
954 1203 1067 1285 debet
1094 1200 1306 1286 dillinstam
1333 1224 1585 1317 notarumque
1620 1208 1723 1294 nolle
1750 1214 1957 1301 terminos,

643 1320 838 1404 Alterutra
854 1322 968 1427 igitur
985 1319 1211 1420 conditione
1254 1320 1472 1426 deficiente,
1501 1344 1611 1425 notas
1637 1350 1859 1415 enumerare
1874 1352 1961 1413 nott

643 1433 751 1537 valet.
1461 1434 1465 1443 ’

742 1572 920 1673 Saepillrme
935 1596 1047 1649 tamen
1059 1576 1187 1663 accidit,
1194 1594 1242 1663 ut,
1252 1575 1310 1673 qui
1323 1598 1417 1653 notas
1431 1572 1957 1671 cognoscibilisenumettrenon

689 1674 790 1759 valer,
805 1683 945 1753 notione
963 1672 1116 1748 distinsta
1131 1674 1340 1749 destituatur:
1368 1683 1478 1751 rarior
1495 1675 1542 1751 est
1557 1672 1650 1751 'orfus
1673 1680 1776 1761 tlrer,
1802 1654 1863 1751 uli
1877 1684 1957 1777 quie

687 1771 733 1847 ob
751 1784 977 1849 terminorum
994 1780 1220 1869 ignorantiam
1236 1776 1289 1865 uel
1306 1772 1474 1869 refellunt
1491 1800 1591 1872 notar
1610 1772 1846 1879 cognoscibilis
1856 1780 1955 1865 alteri

687 1873 870 1970 fignificare
890 1881 1020 1977 nequit,

1217 1981 1251 2078 l·
1310 2010 1410 2093 91·.

402 2150 600 2233 pumm-
779 2128 877 2207 Fieri
888 2120 1019 2233 potest,
1047 2143 1088 2205 ut
1102 2148 1175 2203 rem
1214 2116 1369 2211 oblatam
1412 2119 1701 2239 agnoscentes'oea
1715 2142 1952 2215 notarem

404 2280 473 2339 mm
486 2249 621 2333 noriano
636 2238 888 2359 dsstinguamur
915 2264 1042 2355 easque
1074 2262 1284 2319 enumerare
1312 2234 1525 2341 valcamus,
1560 2238 1620 2321 vel
1629 2238 1766 2344 firlrem
1793 2238 1955 2357 eaquae.

404 2342 607 2455 completa&
638 2352 857 2465 Utrumque
872 2350 997 2447 casnm
1014 2349 1085 2446 elle
1098 2346 1333 2457 pollrbilem,
1362 2354 1588 2459 experientia
1621 2349 1802 2463 loquitur.

401 2452 599 2563 imvmplm·
739 2474 791 2549 Ita
804 2470 869 2546 tria
881 2465 985 2549 latera
1001 2468 1036 2537 in
1052 2468 1237 2564 perimetro
1255 2462 1608 2557 triangulidiscernens
1616 2488 1709 2539 notas
1718 2490 1837 2539 omnes
1844 2490 1951 2561 ogno-

689 2568 762 2657 scit,
775 2594 847 2666 quae
863 2568 904 2655 ad
919 2566 1005 2653 istud
1021 2560 1270 2661 agnoscendum
1287 2562 1375 2636 &ab
1393 2564 1465 2639 aliis
1482 2562 1737 2639 discernendum
1759 2561 1946 2645 sufficiunt.

685 2670 849 2790 Qtaentus
864 2693 964 2755 vero,
989 2668 1079 2739 unde
1094 2688 1323 2764 pentagonum
1338 2666 1490 2759 regulare
1509 2664 1683 2759 agnoscat,
1707 2664 1730 2737 fi
1748 2664 1807 2745 res
1826 2666 1944 2759 undet,

677 2782 882 2870 ex‘qurnque
896 2767 1041 2841 laterum
1057 2767 1252 2866 aequalitate,
1278 2792 1373 2841 nona
1396 2762 1508 2842 saltem
1536 2770 1662 2865 aliquas
1688 2793 1762 2841 rece
1802 2792 1853 2859 et,
1869 2794 1944 2843 non

678 2899 816 2953 omnes:
847 2896 926 2945 nam
947 2873 985 2943 in
1012 2896 1128 2953 earum
1154 2892 1291 2975 quoque
1317 2862 1452 2957 censum
1476 2872 1616 2961 ueniunt
1648 2874 1799 2969 quinque
1825 2868 1944 2975 anguli

677 2974 831 3089 aequales.
1239 2976 1243 2983 ’
1660 2976 1664 2987 '

1196 3088 1224 3177 l·
1280 3098 1342 3181 9²2

398 3205 539 3281 N0²l⁹²²f¹
740 3224 846 3305 Notio
860 3218 1027 3335 completa
1041 3220 1114 3324 est,
1143 3246 1222 3329 quae
1240 3239 1347 3299 notas
1375 3216 1597 3301 sufficientes
1614 3216 1768 3303 exhibet
1792 3218 1936 3303 adrem

395 3291 597 3469 popleta?
632 3344 672 3423 in
690 3338 783 3419 statu
799 3334 969 3447 quolibet
997 3335 1269 3443 agnoscendam
1295 3333 1332 3419 ἃ
1356 3331 1401 3419 ab
1426 3330 1506 3431 aliis
1529 3335 1853 3441 distinguendam:
1881 3346 1935 3421 in·

391 3424 536 3597 W&
630 3453 800 3563 completa
812 3478 925 3551 vero,
954 3478 1034 3561 qnae
1052 3470 1158 3551 notas
1174 3450 1436 3542 inlitfficientes
1453 3452 1633 3531 continet.

535 3550 542 3569 ⁹
730 3570 768 3636 E.
777 3591 807 3656 g.
827 3569 1005 3665 Quinovrt,
1014 3561 1045 3637 se
1055 3590 1285 3665 pentagonum
1303 3560 1454 3657 regulare
1471 3562 1510 3634 ab
1528 3562 1598 3636 aliis
1617 3560 1733 3655 figuris
1747 3558 1935 3647 discernere

677 3694 741 3771 per
760 3669 908 3763 quinque
924 3666 1067 3741 laterum
1083 3666 1117 3736 a
1134 3665 1337 3759 angulorum
1363 3662 1603 3759 ¹aequalitatem,
1627 3667 1655 3734 is
1672 3666 1849 3738 notionem
1865 3668 1934 3769 ejus

675 3768 777 3843 habet
793 3767 1013 3861 completam:
1041 3766 1063 3836 fi
1079 3772 1153 3869 quis
1170 3793 1253 3841 vero
1269 3762 1528 3863 qurefirus,unde
1539 3787 1767 3861 pentagonum
1776 3766 1934 3859 regulare

674 3864 841 3967 agnoscat,
866 3863 968 3949 solun
985 3873 1134 3965 quinque
1156 3870 1297 3939 laterum
1314 3864 1532 3961 equalitatem
1555 3870 1733 3953 nominat,
1751 3866 1779 3935 is
1803 3870 1932 3945 incom-

672 3972 799 4073 pletam
818 3967 927 4040 habet.
979 3973 1109 4039 Omnes
1123 3973 1278 4041 notiones
1294 3960 1481 4063 specierum
1490 3971 1648 4051 notionis,
1658 3966 1813 4061 quashuc
1821 3994 1932 4069 usque

670 4070 980 4166 dedimut&porro
991 4066 1162 4157 dabimus,
1184 4064 1261 4141 lunt
1282 4071 1463 4143 notionum
1489 4066 1736 4165 completarum
1760 4070 1924 4163 exempla.

670 4172 845 4247 leibnitrus
859 4166 1085 4249 dill'erentiam
1101 4172 1249 4243 notionis
1265 4168 1443 4267 complete
1460 4194 1497 4241 ac
1514 4164 1725 4267 incompletae
1741 4188 1810 4235 non
1819 4186 1926 4239 arren-

674 4274 740 4363 dit;
764 4270 818 4348 sed
834 4268 1017 4345 dillinsttm
1034 4267 1194 4373 supponit
1209 4268 1273 4357 elle
1291 4269 1504 4368 completam.
1529 4271 1709 4339 Enimvero
1724 4268 1759 4333 in
1770 4260 1928 4343 densim

610 4374 616 4391 '
667 4374 913 4449 dedefinitione
929 4360 1644 4469 &alibiprodesthocobservallediscrimen.
1671 4368 1755 4435 Sane
1772 4370 1831 4463 qui
1841 4392 1925 4445 cum

664 4478 802 4571 cauffo
817 4474 1022 4573 eorpua'per
1035 4496 1094 4545 em
1110 4466 1280 4554 extensum
1296 4468 1475 4559 definiunt,
1496 4470 1672 4541 notionem
1680 4470 1926 4573 incompletarp

664 4574 928 4683 tumootnpleta
941 4568 1174 4658 confundunt:
1198 4572 1293 4675 quod
1312 4566 1462 4655 suoloeo
1485 4566 1618 4677 patebit·
1808 4674 1829 4783 §

1831 4737 1840 4753 .
1858 4700 1920 4785 93.
