4834 5634
854 838 1241 950 viribus
1290 836 1403 943 in
1442 828 2097 960 convincenda,
2138 829 2976 959 controverteneIO,
3008 844 3188 938 etc.
3329 843 3452 971 83
3455 863 3514 976 3

972 1070 1359 1171 perimente
1393 1054 1853 1168 pendulorum
1875 1122 1894 1154 ,
1922 1058 2169 1163 quibus
2203 1068 2271 1138 in
2306 1060 2730 1165 observando·
2757 1087 3076 1155 utuntur,
3105 1065 3508 1141 determina-

968 1175 1069 1261 ri;
1120 1175 1177 1241 is
1208 1191 1477 1244 motum
1533 1164 2223 1267 vertiginis-'l'elluris
2256 1165 2710 1243 demonstrare
2739 1167 2936 1243 valet.
3039 1168 3328 1241 Maximi
3357 1191 3506 1267 mo-

966 1273 1179 1345 menti
1228 1268 1327 1343 est
1377 1266 1660 1371 praesens
1711 1272 2061 1341 theorema
2112 1271 2185 1341 in
2235 1268 2628 1341 dirimendis
2655 1268 3127 1343 controversiis
3183 1264 3498 1367 phyficiS,

960 1395 1191 1446 utrum
1223 1370 1445 1468 aliqua
1476 1368 1872 1471 hypothefis
1904 1368 1983 1441 fit
2016 1366 2482 1458 demonstrata}
2517 1370 2604 1443 an'
2634 1393 2899 1443 tantum
2931 1374 3002 1442 in
3032 1368 3496 1470 probabilium

950 1498 1244 1547 numero
1278 1472 1623 1547 habeatur.
1736 1470 1843 1543 Ad
1877 1470 2183 1569 exempla
2217 1471 2584 1545 attendenti
2615 1467 3040 1547 manifestum
3067 1476 3226 1559 erit,
3277 1466 3358 1543 sae
3409 1474 3495 1543 is·

950 1574 1114 1648 {ime
1156 1577 1613 1667 cognitionem
1665 1572 2207 1645 mathematicam
2264 1597 2426 1645 cum
2469 1570 2934 1673 philosophica
2951 1496 3493 1670 conjungenditm

956 1672 1082 1747 ell'e
1102 1732 1119 1760 ,
1151 1698 1228 1747 ut
1264 1674 1344 1746 ad
1378 1676 1851 1749 certitudinem
1891 1675 2233 1772 perveniri
2259 1671 2477 1747 detur.
2585 1672 3492 1774 Deproperanturjudiciain

958 1776 1091 1849 hoc
1110 1801 1349 1867 genere
1366 1772 1641 1850 subinde
1654 1775 1767 1849 vel
1804 1771 1887 1845 ab
1916 1778 1995 1845 iis
2017 1831 2034 1861 ‚
2068 1776 2187 1870 qui
2217 1779 2521 1848 acumine
2555 1776 2949 1873 praestant&
2982 1778 3240 1851 meritis
3273 1778 3344 1847 in
3375 1766 3488 1844 sci-

961 1881 1209 1949 entiam
1247 1884 1585 1951 eminent:
1632 1877 1811 1951 unde
1845 1886 2124 1975 apparet
2157 1880 2428 1971 Logicae
2459 1874 2818 1953 artificialis
2837 1878 3108 1961 utilitas,
3141 1881 3357 1949 immo
3389 1877 3490 1947 in·

854 2050 861 2057 ,
963 1973 1411 2077 dispensabilis
1438 1978 1795 2055 neceffitas.

2006 2079 2070 2187 §.
2181 2090 2379 2185 1189.

1132 2258 1221 2341 Si
1250 2266 1413 2373 quis
1467 2262 1779 2345 methodo
1809 2264 2323 2372 demonstrandi
2392 2293 2476 2343 ac
2499 2258 2894 2356 observandi
2938 2259 3031 2339 θ’
3055 2271 3487 2375 experimen·
3529 2272 3816 2366 Qinam
3824 2256 3920 2352 al-

856 2374 1067 2456 tandi
1111 2378 1327 2478 pollet
1340 2409 1375 2471 ,·
1427 2388 1493 2458 is
1534 2380 1837 2459 alterum
1881 2376 2418 2485 probabilitatis
2445 2377 2868 2491 hypotheseos
2921 2380 3317 2459 convincere
3358 2408 3487 2457 va·
3529 2380 3968 2479 termnproba·

862 2492 986 2568 let.
1094 2484 1407 2571 Etenim
1454 2484 1537 2573 Ιί-
1569 2490 1944 2581 methodo
1995 2493 2556 2577 demonstrandi
2603 2488 2842 2601 pollet
2873 2552 2898 2594 ‚
2943 2516 3043 2571 ex
3067 2488 3486 2602 .hypothefi
3529 2470 3805 2551 bilicum
3850 2482 3966 2577 hy-

863 2602 1030 2683 data
1064 2600 1586 2713 legitimorum
1636 2612 2213 2692 ratiociniorum
2271 2637 2478 2693 nexu
2510 2612 2884 2691 continuo
2921 2603 3100 2707 inde
3127 2606 3491 2715 colligere
3517 2578 3834 2702 PQ'hffstw

852 2716 1091 2825 valet,
1148 2749 1309 2832 quae
1367 2722 1771 2805 necessario
1799 2727 2352 2837 consequuntur
2406 2727 2526 2833 (ᾗ.
2545 2750 2692 2831 551.
2714 2720 2999 2831 &seqq
3020 2721 3086 2828 ).
3197 2720 3494 2842 Qam-
3525 2702 3882 2852 zzz’sscm

860 2832 1135 2919 obrem
1162 2836 1214 2918 fi
1284 2836 1493 2921 idem
1567 2838 1945 2921 methodo
2018 2841 2460 2923 observandi
2514 2842 2589 2922 Gt
2633 2836 3278 2948 experimentandi
3311 2837 3480 2946 pol·
3745 2832 3769 2858 ⁶
3885 2852 3890 2857 “

870 2949 1021 3044 let3
1082 2980 1205 3057 ea,
1238 2980 1399 3063 quae
1434 2954 1839 3036 necessario
1889 2984 1985 3035 ex
2019 2957 2180 3037 data
2216 2953 2611 3067 hypothefi
2645 2954 3225 3063 consequuntur,
3259 2982 3489 3065 expe·
3521 3044 3532 3055 ,

862 3073 1143 3149 rientiae
1182 3066 1611 3151 conformia
1644 3071 1769 3152 scu
1804 3100 1983 3153 cum
2021 3070 2545 3180 phaenomenis
2594 3072 2860 3153 eadem
2896 3068 3039 3150 effe
3071 3068 3488 3175 ostendere,

856 3182 1404 3293 consequenter
1434 3184 1748 3268 alterum
1777 3187 2318 3295 probabilitatis
2350 3186 2860 3297 hypotheseos
2894 3206 3188 3267 certum
3224 3185 3488 3267 redde-

859 3326 943 3381 re
974 3300 1080 3409 (§.
1102 3302 1286 3397 608.
1306 3304 1375 3408 ),
1393 3300 1737 3412 adeoque
1750 3306 2081 3385 eundem
2097 3305 2438 3405 ejusdem
2455 3310 2903 3385 convincere
2920 3298 3114 3381 valet
3131 3302 3483 3411 (§.982.).

1062 3523 1167 3589 Ita
1198 3523 1267 3592 in
1298 3516 1703 3593 astronomia
1732 3539 2051 3614 tyronem
2080 3520 2544 3593 convincimus
2585 3514 3081 3617 probabilitatis
3110 3510 3484 3617 systematis

964 3624 1447 3719 Copernicani,
1499 3621 1663 3692 dum
1696 3645 1772 3690 ex
1805 3622 2045 3695 eodem
2094 3646 2131 3693 a
2182 3624 2398 3721 priori
2439 3620 2821 3711 colligimus
2857 3618 3302 3714 phaenomena
3337 3644 3479 3691 mo-

966 3742 1075 3794 tus
1109 3726 1372 3821 proprii
1406 3722 1821 3821 planetarum
1851 3727 2337 3821 primariorum
2372 3723 2440 3794 &
2483 3746 2564 3792 ex
2599 3719 2960 3791 collatione
2995 3744 3151 3791 cum
3182 3714 3485 3792 observa-

964 3823 1263 3897 tionibus
1295 3826 1513 3923 palam
1550 3819 1835 3895 facimus
1872 3824 2277 3899 identitatem
2310 3818 2914 3896 demonstratorum
2977 3847 3132 3893 cum
3186 3818 3486 3894 observa-

965 3927 1069 3996 tis.
1174 3934 1395 4022 Atque
1409 3926 1645 3999 eodem
1663 3923 1872 3999 modo
1903 3928 1974 3999 in
2006 3924 2281 4027 phyliea
2313 3924 2764 4025 procedimus.
2863 3925 2999 3994 Hic
3033 3948 3306 4021 quoque
3335 3919 3483 3996 usui

962 4022 1091 4099 effe
1140 4030 1593 4119 cognitionem
1634 4028 2210 4113 mathematicam,
2257 4024 2454 4127 supra
2491 4026 2628 4123 jam
2659 4028 2970 4119 (§.1163.)
3021 4022 3478 4097 adstruximus.

964 4125 1295 4202 Constans
1364 4127 1527 4201 adeo
1584 4126 1713 4201 effe
1778 4126 1976 4204 debet
2024 4136 2097 4204 in
2145 4129 2420 4227 Physica
2467 4126 3044 4223 quemadmodum
3095 4129 3368 4197 rationis
3413 4124 3482 4196 δε

958 4234 1419 4332 expeti-entim
1466 4236 1555 4303 ita
1606 4255 1879 4404 qgoque
1904 4235 2313 4326 cognitionis
2356 4224 2852 4329 philosophica
2894 4253 2977 4300 ac
3003 4228 3484 4301 mammaticae

962 4334 1028 4407 &
1056 4333 1381 4408 historicae
1426 4358 1653 4408 connu
1701 4335 1866 4405 ium.

1978 4471 2048 4581 §.
2170 4496 2375 4581 1190.

1128 4654 1281 4763 Qi
1334 4656 1609 4771 regulas
1650 4654 1839 4763 fidei
1888 4658 1981 4738 ἐφ’
2028 4660 2636 4768 experientiam
2655 4652 3066 4754 familiares
3111 4652 3489 4757 experitur
3531 4664 3664 4761 Q}
3685 4676 3942 4739 autori..

860 4774 1311 4875 animumque
1362 4766 1573 4851 habet
1613 4777 2006 4880 principiis
2030 4772 2426 4857 moralibus
2464 4768 2686 4879 probe
2711 4770 3056 4851 imbutum
3067 4796 3106 4869 ,ξ
3161 4772 3233 4847 is
3279 4788 3486 4845 outo·
3523 4786 3722 4838 tatem
3761 4769 3942 4863 histo·

864 4888 1155 4963 ritatem
1186 4880 1495 4987 historici
1536 4887 1627 4967 ἔθ’
1666 4882 2134 4994 οῌὲνυσιονὶι
2174 4880 2527 4995 adstruere
2565 4885 2778 4971 valet.
2889 4876 3062 5004 Qi
3111 4882 3326 4969 enim
3371 4905 3485 4959 re·
3523 4874 3654 4941 '⁰5⁶²'
3697 4867 3780 4961 (θ’.

976 4998 1071 5079 (11
1074 4994 1221 5085 'alfii
1247 4998 1507 5095 Logicae)
2156 4994 2251 5088 N
2266 5026 2319 5087 n
2334 5028 2385 5086 n
2402 5026 2528 5087 nn,
3019 5028 3028 5043 ·
3269 4990 3484 5106 gulas
3755 5042 3769 5055 -
