4834 5634
533 274 536 279 ’
690 324 795 449 224
1037 279 1484 399 Portunata
1512 284 1681 425 Cau!-

800 528 891 601 Cum
908 518 1142 597 definitionum
1150 508 1227 587 usus
1243 514 1277 585 in
1293 511 1524 585 ratiocinando
1534 514 1570 587 in
1587 510 1729 587 dubium
1737 516 1852 587 vocari
1860 534 2007 613 nequent

751 630 798 727 (§.
808 636 864 727 48.
875 630 910 719 );
924 648 964 699 eo
980 618 1052 724 ipso
1063 610 1433 721 patet‚·proposuioner
1449 612 1605 711 itlentiear
1617 610 1761 715 suumin
1774 606 2009 691 ratiorinantla

750 734 875 807 habete
892 723 997 801 usum.
1455 749 1458 756 ·

1262 816 1293 922 §.
1371 840 1445 919 215.

477 978 687 1083 »rapotonis
835 920 1093 1023 Artrrbuta&
1106 932 1313 1039 effiurioliu,
1328 960 1389 1013 uec
1403 958 1471 1012 nou
1487 920 1783 1051 modorumutque
1798 928 1911 1014 relati
1931 956 2018 1013 narrt

470 1035 645 1181 langii-teu
700 1056 966 1183 poffibibturrs‚
993 1080 1070 1173 qua
1084 1074 1146 1143 uu·
1161 1050 1299 1128 mao'um
1317 1042 1579 1129 attributorum
1603 1046 1703 1157 iasuu
1721 1054 1742 1153 Ι,
1769 1046 2018 1163 predicantur

470 1186 661 1278 tiaratorum·
707 1178 862 1294 afflare
878 1160 1165 1277 defluosubjcilo.
1222 1158 1285 1243 De
1300 1158 1545 1242 essentialibus
1564 1158 1601 1239 br
1618 1162 1802 1247 attributis
1817 1164 1923 1247 idem
1951 1162 2057 1245 de·-

472 1314 549 1363 rum
711 1291 956 1379 ntonlltatum
975 1284 1026 1367 est
1043 1282 1211 1390 superius
1227 1278 1279 1385 (b
1293 1278 1401 1385 69.)
1428 1274 1767 1392 Modorumatque
1789 1274 2018 1361 relationum

710 1404 987 1523 polltbilitates,
1017 1426 1098 1511 qua
1114 1422 1180 1505 pet
1195 1394 1359 1477 modum
1389 1392 1655 1477 attributorum
1678 1400 1801 1479 inlunt
1817 1398 1967 1505 (§.·r57.
1986 1398 2022 1503 ),

710 1526 920 1611 constanter
934 1519 1068 1602 insunt.
1128 1504 1225 1631 Qua
1239 1536 1331 1591 vero
1347 1512 1555 1595 constanter
1570 1510 1713 1617 insunt,
1729 1540 1771 1595 ea
1787 1513 1836 1594 de
1852 1508 2024 1613 lubjello

631 1660 634 1665 '
712 1638 880 1727 ablblute
896 1640 1143 1718 enunciantur
1168 1628 1221 1735 (b.
1241 1628 1296 1706 61.
1307 1628 1339 1734 ).
1398 1622 1505 1707 Patet
1520 1630 1658 1737 itaque,
1666 1651 1710 1711 ut
1723 1627 1899 1713 attributa
1915 1626 1956 1711 bt
1971 1626 2025 1709 es-

713 1752 890 1858 sentialia,
916 1756 966 1833 ita
986 1772 1142 1861 quoque
1172 1740 1383 1825 modorum
1412 1762 1522 1854 atque
1549 1739 1776 1829 relationum
1803 1740 2026 1855 pollibilita-

712 1895 792 1974 tes,
821 1898 902 1981 quar
919 1894 986 1977 per
1003 1864 1167 1949 modum
1182 1855 1451 1941 attributorum
1470 1858 1825 1967 insuntpabl'olute,
1853 1856 1936 1945 hoc
1962 1860 2031 1963 eil,

714 1986 816 2073 nulla
831 1980 971 2087 adjella
987 1982 1221 2083 conditione,
1238 1978 1428 2057 enunciari
1444 1976 1491 2056 de
1509 1971 1687 2075 subjecto.
1909 1968 1912 1977 ’

818 2106 919 2193 E.gr.
938 2088 1458 2194 Omnipotentiaestattributum
1469 2094 1543 2165 Dei.
1595 2088 2033 2263 (qpamobremnullaadJe

769 2201 820 2274 fla
835 2202 1030 2273 conditione
1045 2199 1181 2270 dicitur:
1195 2194 1281 2263 Dour
1296 2194 1544 2294 rstomuipateru.
1572 2197 1627 2264 Ha
1654 2218 1710 2269 ere
1718 2220 1786 2267 tres
1795 2192 1940 2285 ungulae
1947 2192 2033 2265 duo·

769 2300 940 2377 bustellis
951 2300 1093 2395 aquales
1106 2292 1256 2369 seuratio
1273 2292 1377 2393 dupla
1395 2298 1550 2367 omnium
1569 2294 1773 2391 angulorum
1794 2292 1893 2369 fimul
1906 2290 2036 2369 sumto·

768 2432 847 2477 rum
861 2402 901 2473 ad
923 2398 1052 2473 restam
1068 2398 1114 2471 est
1135 2395 1332 2469 attributum
1355 2397 1526 2487 trianguli.
1578 2400 1734 2472 Dicimur
1749 2392 1883 2499 itaque:
1911 2386 2035 2471 Triari·

763 2510 876 2609 guluut
890 2502 982 2578 habat
995 2524 1062 2575 trar
1075 2502 1205 2601 angulas
1219 2494 1335 2571 duabus
1350 2498 1448 2571 robiis
1461 2498 1602 2601 aquales.

1284 2626 1316 2732 §.
1386 2627 1466 2708 216.

486 2766 638 2863 Definitio
851 2740 1045 2856 Prapasstia
1060 2746 1263 2855 categorica
1286 2740 1338 2821 est
1361 2743 1489 2851 inqua
1506 2742 1749 2851 praedicatum
1765 2739 1957 2855 absolute,
1974 2746 2036 2833 stu

485 2866 700 2979 propositioni!
724 2860 826 2950 nulla
840 2856 981 2961 adjecta
997 2856 1232 2959 conditione,
1240 2855 1288 2936 de
1304 2853 1473 2959 subjecto
1490 2864 1722 2943 enunciatur.

401 3055 404 3061 ,
491 2974 676 3072 categorica·
829 2982 867 3048 E.
876 2999 925 3067 gr.
951 2978 1035 3045 Deus
1048 2974 1089 3065 ast
1094 2969 1339 3071 stapiuttifflmru
1366 2973 1554 3073 propofitio
1578 2977 1765 3073 categorica
1786 2972 1850 3049 ell:
1879 2972 2038 3079 sapientia

778 3082 871 3154 enirn
881 3082 956 3149 Deo
965 3074 1125 3146 tribuitur
1142 3072 1267 3169 absque
1281 3073 1350 3144 ulla
1368 3072 1493 3172 adjetla
1510 3077 1711 3151 conditione.
1765 3080 1928 3153 Similiter
1945 3082 2038 3154 theo·

779 3207 872 3254 terna
887 3178 1135 3275 Pythagoricum
1151 3174 1339 3273 propositio
1364 3184 1547 3271 categorica
1563 3176 1619 3267 est,
1638 3206 1703 3275 qua
1723 3180 1947 3281 Hypathruusae
1960 3210 2038 3287 qua-

776 3284 909 3356 dratum
922 3282 1039 3381 uqualr
1047 3280 1294 3377 pronunciatur
1303 3278 1476 3379 quadratis
1484 3280 1855 3377 lateruruſsurulsumtis:
1870 3284 1941 3357 haec
1951 3290 2040 3359 enim

782 3379 934 3456 constans
951 3373 1196 3479 hypothenusar
1212 3377 1250 3451 ad
1260 3378 1361 3451 latera
1375 3377 1505 3469 relatio,
1523 3382 1683 3477 trianguli
1698 3380 1889 3477 restanguli
1906 3386 2042 3460 attribu·
2066 3394 2082 3404 ”

781 3506 876 3657 puin,
898 3479 966 3553 fine
987 3482 1056 3556 ulla
1071 3477 1195 3580 adjebla
1218 3477 1414 3554 conditione
1435 3488 1632 3559 enunciatur
1649 3482 1691 3561 de
1705 3485 1769 3559 hac
1792 3486 2042 3583 triangulorum

715 3639 719 3647 ·
821 3608 895 3657 ecle.

795 3612 818 3686 p
1309 3680 1343 3793 §.
1396 3708 1473 3791 217.

505 3796 722 3913 rrapaltirai'
875 3795 980 3883 Marii
995 3823 1104 3915 arque
1130 3794 1321 3885 relationes
1335 3798 1385 3889 Cb
1402 3797 1496 3921 quad
1522 3803 1560 3883 iu
1578 3827 1620 3883 re
1645 3802 1802 3911 quadum
1817 3828 1888 3887 ttau
1902 3811 2049 3923 canopi·

503 3898 701 4003 hypothetica
741 3940 806 4001 tur
828 3913 981 4031 paffibtle
1004 3916 1071 4018 rufi
1102 3914 1345 4031 praefirppaſsta
1380 3914 1532 4033 quadarn
1559 3922 1632 4017 aiut
1663 3912 1794 4007 madar
1826 3914 1869 4001 de
1879 3917 2049 4029 fibiaila

498 3998 692 4105 fundamen·
729 4030 804 4143 fita
830 4032 964 4135 aanutfi
1000 4028 1232 4113 aaudittauote
1275 4044 1521 4116 emoriantur.
1607 4028 1671 4114 De
1700 4032 1825 4115 modis
1848 4034 1957 4119 idem
1986 4040 2050 4123 de-

503 4126 580 4181 m·
743 4148 991 4229 monstratum
1020 4147 1072 4229 eil
1099 4148 1139 4225 in
1168 4145 1421 4256 superioribus
1449 4150 1501 4257 (§.
1521 4151 1587 4255 69.
1605 4151 1636 4257 ).
1726 4146 1944 4235 Relationes
1962 4152 2052 4259 jsum

694 4296 700 4305 ·
740 4262 980 4365 extrinlirmr,
1007 4260 1178 4373 adeoque
1213 4288 1232 4342 a
1266 4266 1544 4377 compraesentia
1600 4286 1727 4347 rerutn
1769 4266 1927 4351 aliarum
1963 4300 2052 4385 pen-

742 4375 843 4459 dent.
899 4372 977 4461 Sed
1000 4406 1082 4495 qua
1111 4376 1303 4463 mutabilia
1331 4380 1439 4489 stau,
1468 4408 1511 4467 ea
1537 4379 1684 4469 nomtifi
1710 4382 1759 4465 de
1785 4380 1957 4487 lubjeelo
1983 4390 2051 4471 suo

1983 4500 2051 4589 sub
