4834 5634
625 610 705 717 De
721 602 1048 749 ilip'rtlicanriir
1066 604 1220 717 libris
1236 611 1540 753 dogmaticis.
1654 618 1746 761 615

440 860 519 923 tum
534 836 696 945 nrrfitrur
712 864 725 927 3
737 834 779 938 fi
788 862 874 917 nero
889 831 1125 949 incompleta,
1147 830 1194 919 ab
1211 843 1255 921 iis
1270 838 1481 958 velprorfin
1496 870 1563 929 non
1578 843 1743 963 intelligi.
1766 843 1952 944 incompleta

434 978 504 1040 tur
521 1018 536 1061 ,
557 954 616 1037 uel
629 951 764 1055 nonnist
776 949 1003 1049 difficillime,
1024 946 1086 1043 seu
1101 950 1209 1033 multo
1226 965 1393 1065 temporis
1407 986 1450 1042 nt
1463 958 1595 1045 labarit
1611 956 1744 1075 drspen-
1768 946 1990 1040 dffcuirerin·

434 1068 504 1155 dio.
551 1064 719 1151 'Etenim
737 1062 762 1147 sr
780 1064 1052 1145 demonstratio
1070 1065 1262 1175 completa
1279 1069 1423 1177 fuerit,
1449 1072 1549 1157 nulla
1573 1075 1744 1185 proposi.
1768 1050 1945 1150 “ulau'‘

431 1191 514 1289 tio,
532 1212 615 1295 quae
633 1180 916 1265 demonstrandi
932 1184 1161 1287 principium
1178 1184 1338 1291 prabet,
1354 1194 1564 1295 omittitur,
1583 1192 1745 1305 nisique

433 1299 492 1385 rel
511 1329 580 1411 per
601 1326 689 1403 eas,
714 1325 794 1407 qua
813 1296 976 1397 odiunt,
1003 1292 1064 1375 vel
1080 1322 1148 1403 per
1165 1304 1364 1384 citationes
1377 1307 1417 1385 in
1436 1313 1664 1389 memoriam
1685 1336 1745 1389 re-

410 1474 415 1483 .
433 1420 566 1501 vocari
583 1415 698 1525 poffit
713 1414 775 1519 (φ.
795 1414 925 1517 854).
959 1406 1227 1529 Qamobrem
1244 1414 1271 1499 fi
1287 1419 1333 1498 ad
1349 1444 1432 1501 eam
1449 1422 1602 1518 accedat
1611 1419 1746 1528 lellor,

429 1536 503 1645 φιί
521 1537 560 1613 in
578 1549 803 1639 argumento
820 1522 1018 1633 proposito
1040 1528 1215 1609 nondum
1233 1532 1398 1615 multum
1415 1538 1609 1643 versatus,
1635 1558 1748 1649 atque

439 1645 535 1731 adeo
549 1644 852 1757 propositiones,
881 1668 963 1751 quae
980 1663 1158 1751 tanquam
1176 1645 1458 1731 demonstrandi
1476 1657 1660 1761 principia
1675 1682 1749 1735 no-

439 1786 478 1846 ta
496 1762 712 1864 sumuntur,
729 1760 905 1841 nondum
924 1753 1125 1837 familiares
1143 1756 1285 1867 habet,
1311 1784 1353 1846 ut
1370 1767 1453 1848 data
1470 1766 1666 1851 occasione
1683 1797 1749 1851 vc-

440 1878 512 1963 luti
523 1878 659 1989 sponte
676 1876 890 1957 lirceurrant
907 1901 920 1965 3
941 1875 973 1952 is
993 1900 1041 1951 ex
1060 1872 1304 1959 conclusione
1331 1878 1368 1959 er
1392 1883 1569 1989 premissa
1589 1909 1662 1964 una
1683 1912 1750 1964 en.

441 1994 683 2101 thymematis
711 1988 819 2073 nullo
844 1991 1007 2094 negotio
1031 1985 1135 2068 elicit
1159 1986 1312 2073 alteram
1335 1996 1395 2103 (i.
1416 2001 1540 2106 798.)
1560 2062 1571 2102 ‚
1597 1996 1658 2079 vel
1673 2026 1751 2107 ope

440 2114 629 2195 citationis
647 2106 797 2209 adjellae
814 2130 899 2184 eam
915 2101 1004 2184 alibi
1022 2101 1166 2185 evolvit
1183 2169 1196 2210 ,
1225 2128 1267 2189 ut
1285 2108 1381 2193 adeo
1397 2116 1553 2221 perinde
1570 2112 1639 2217 fit,
1664 2112 1751 2199 aest

437 2232 623 2339 principia
641 2228 773 2307 omnia
791 2220 937 2301 disertis
952 2217 1079 2300 verbis
1105 2228 1404 2309 enunciarentur.
1463 2226 1568 2311 Cum
1584 2230 1682 2311 adeo
1696 2227 1750 2311 le·

436 2342 525 2429 lior
541 2340 686 2423 nullam
703 2332 989 2419 conclusionem
1007 2332 1136 2415 inferri
1156 2338 1353 2431 videt,nisr
1371 2371 1451 2454 quae
1468 2372 1517 2425 ex
1535 2348 1752 2453 principiis,

436 2462 487 2545 de
505 2481 677 2573 quorum
692 2458 847 2535 veritate
864 2448 1034 2529 dubitare
1052 2456 1206 2559 nequit,
1224 2456 1465 2569 consequitur
1481 2488 1494 2553 3
1519 2462 1754 2541 demonstra-

437 2584 589 2661 tionem
603 2576 735 2683 utique
752 2564 950 2671 intelligit,
963 2562 1027 2645 etsi
1044 2569 1085 2645 in
1100 2592 1150 2647 eo
1165 2576 1461 2681 argumento,ad
1477 2575 1584 2689 quod
1600 2572 1754 2686 spello,

436 2694 618 2779 nondum
637 2683 802 2769 multam
820 2680 933 2763 fuerit
948 2680 1122 2763 versatus.

552 2802 648 2917 Jam
667 2832 689 2885 e
708 2800 900 2883 contrario
917 2801 956 2875 in
974 2796 1296 2881 demonstratione
1312 2799 1543 2910 incompleta
1569 2807 1754 2887 omittun·
1875 2890 1883 2903 ,,

438 2945 504 3009 tur
530 2918 810 3033 propositiones
834 2912 1112 2993 demonstrandi
1133 2919 1315 3024 principia
1329 2915 1564 3027 prebentes,
1589 2910 1670 3031 qua
1686 2944 1756 3030 per
1869 2900 1885 2930 ⁵

440 3036 784 3151 cas‚quaeadli1nt,
801 3028 862 3109 vel
878 3056 947 3136 per
961 3031 1159 3110 citationes
1176 3034 1216 3109 in
1233 3038 1461 3115 memoriam
1478 3062 1558 3117 non
1574 3034 1755 3117 revocan-

441 3178 507 3239 tur
523 3156 584 3263 (φ,
603 3153 733 3257 854).
795 3140 943 3260 Qrodfi
960 3148 1075 3250 igitur
1098 3144 1248 3227 adeam
1266 3152 1417 3229 accedat
1441 3146 1584 3252 lelior,
1607 3156 1670 3233 cui
1686 3177 1755 3254 ea,

444 3298 531 3387 qun
546 3288 721 3379 tanquam
739 3282 839 3344 certa
856 3260 1220 3369 prothpponuntur,
1235 3288 1315 3343 non
1333 3265 1429 3343 adeo
1446 3262 1642 3346 familiaria
1657 3265 1756 3369 sunt,
1781 3336 1787 3345 .

442 3408 509 3493 ut,
524 3388 674 3497 quoties
690 3408 828 3464 eorum
846 3373 1057 3456 meminisse
1074 3373 1187 3455 debet
1205 3439 1218 3478 ,
1241 3376 1360 3459 veluti
1380 3378 1512 3487 sponte
1536 3354 1785 3472 occurrant3³

440 3508 476 3589 is
494 3500 556 3585 vel
572 3498 725 3611 prorsus
742 3522 822 3575 non
839 3519 883 3573 ca
899 3489 964 3573 libi
986 3495 1026 3570 in
1043 3496 1272 3574 memoriam
1291 3520 1466 3575 revocare
1481 3497 1623 3604 potest,
1643 3516 1755 3605 atque

442 3620 544 3707 adeo
560 3614 923 3701 demonstrationem
948 3636 1029 3689 nou
1052 3605 1228 3714 intelligit
1247 3673 1261 3712 ,
1282 3610 1342 3692 vel
1367 3636 1469 3693 nunc
1494 3608 1624 3715 hanc,
1652 3638 1755 3693 nune

441 3734 556 3823 aliam
576 3728 876 3843 propolitinnem
895 3724 962 3805 libi
980 3730 1020 3804 in
1037 3728 1264 3805 memoriam
1283 3752 1494 3832 revocans,
1517 3726 1576 3809 vel
1595 3732 1632 3808 in
1651 3726 1757 3809 libris

443 3850 549 3955 aliis,
564 3854 681 3931 autin
695 3842 1004 3928 antecedentibus
1022 3843 1216 3942 ejusdem,
1235 3848 1300 3951 qui
1317 3872 1389 3953 pre
1408 3842 1580 3925 manibus
1596 3841 1757 3945 est,libri

442 3964 628 4053 evolvens
644 3980 779 4061 tentat,
795 3986 888 4038 num
907 3984 950 4035 ea
965 3955 1151 4065 praemisse
1168 3954 1373 4043 desideratae
1388 3964 1512 4042 vicem
1529 3960 1575 4040 ad
1593 3958 1759 4039 inferen-

445 4085 536 4169 dam
553 4080 717 4193 aliquam
734 4071 1017 4158 conclusionem
1030 4076 1069 4152 in
1087 4072 1408 4159 demonstratione
1424 4096 1641 4159 contentam
1658 4073 1757 4158 lubi-

443 4228 487 4283 re
502 4200 637 4309 poffit,
656 4192 931 4303 consequenter
946 4186 1093 4271 nonulli
1113 4190 1239 4277 multo
1256 4194 1414 4279 demum
1431 4196 1616 4305 temporis
1640 4217 1682 4273 ac
1707 4187 1759 4270 la·

445 4314 553 4402 boris
568 4310 768 4423 dispendio
785 4332 870 4390 eam
886 4304 1085 4413 intelligit.¹

541 4466 1763 4573 NotinelemcntisnollrisMathescos,Arithmctieaeprasertim&Geo-

496 4582 643 4667 meniae,
660 4574 813 4649 dedimus
835 4570 1141 4647 demonstrationes
1159 4576 1373 4675 completor
1398 4576 1631 4679 christophorus
1646 4600 1764 4649 contre

449 4688 455 4697 .
495 4684 661 4761 ammian
675 4676 865 4754 inMrthefi
880 4674 1053 4755 enucleata
1065 4670 1237 4777 sepiffinrc
1252 4676 1480 4783 incompletos
1486 4734 1498 4774 ,
1513 4680 1593 4759 ium
1612 4703 1765 4855 perimo

1698 4805 1759 4857 um
