4834 5634
696 428 1175 612 DcusaLagicaein
1188 479 1356 613 praxi
1374 480 1509 583 vita.
1659 495 1750 620 855
1818 584 1821 591 .

492 707 639 779 catione:
656 703 764 799 major
779 697 826 773 est
845 701 1056 800 principium
1072 700 1170 773 nobis
1187 695 1362 775 familiare.
1391 707 1628 778 Communiter
1641 706 1750 780 homi·

490 832 550 881 nea
564 831 618 879 res
634 803 750 901 obuias
773 807 953 877 notionum
971 798 1189 875 confusarum
1212 828 1277 900 ope
1294 802 1500 898 distinguunt
1515 805 1548 877 dr
1561 812 1748 906 principia,

488 905 609 1006 quibus
625 905 762 1002 majoris
777 904 857 978 loco
873 926 1037 992 utuntur,
1051 900 1127 976 sunt
1143 902 1410 1001 propositiones,
1433 932 1505 1002 qua
1525 911 1650 981 iteratis
1661 911 1747 1006 judi-

431 1054 434 1059 ·
486 1012 547 1081 ciis
569 1009 735 1080 intuitivis
753 1009 867 1078 animo
889 1001 953 1075 sese
977 1007 1227 1098 ingenerarunt.
1250 1090 1252 1095 Ι
1277 1003 1317 1077 Ε.
1332 1033 1380 1099 gr.
1408 1013 1516 1105 Ignem
1538 1006 1747 1103 agnoscimus

492 1135 559 1209 ope
574 1110 723 1182 notionis
738 1101 891 1178 confusa.
940 1107 1044 1202 Qrod
1059 1115 1143 1204 ignia
1155 1108 1326 1201 calefaciat
1352 1112 1552 1207 experientia
1571 1108 1681 1182 edooli
1698 1110 1748 1183 su·

482 1235 577 1282 mus:
599 1208 688 1282 unde
705 1206 746 1279 de
763 1211 842 1300 igne
858 1212 895 1278 in
911 1200 1069 1303 praesente
1088 1202 1161 1279 casu
1177 1203 1374 1297 inserimus,
1390 1209 1483 1306 quod
1499 1207 1677 1284 calefacere
1694 1212 1747 1283 de-

482 1307 569 1382 beat.
595 1315 724 1382 Revera
740 1312 842 1400 igitur
860 1310 905 1378 ita
921 1311 1173 1392 ratiocinamur,
1184 1306 1264 1381 dum
1285 1335 1351 1406 ope
1370 1313 1570 1402 cognitionis
1584 1336 1678 1383 antea
1696 1338 1746 1383 ac·

487 1409 614 1507 quifitae
630 1410 664 1481 de
679 1411 833 1482 intuitive
849 1403 1018 1507 prasentia
1032 1410 1197 1505 judicium
1213 1405 1427 1482 discurstvum
1444 1407 1643 1500 formamus,
1653 1412 1745 1508 quod
1857 1497 1861 1505 Ι

485 1511 537 1584 hic
559 1521 663 1610 ignis,
680 1536 781 1607 quem
799 1536 819 1583 e
834 1510 1024 1606 longinquo
1039 1505 1242 1607 spestamua,
1257 1513 1427 1606 calefaciat
1443 1539 1456 1581 .·
1480 1516 1570 1609 lanis
1585 1516 1740 1609 calefacit.

482 1617 549 1685 Hac
562 1639 616 1685 cnr
630 1613 671 1701 cst
684 1621 778 1712 ignis.
804 1614 886 1708 Erga
902 1614 956 1683 hac
971 1638 1026 1683 ana
1040 1613 1204 1706 calefacit.
1216 1617 1294 1707 Ope
1309 1609 1515 1685 definitionis
1530 1617 1634 1710 JCtus
1644 1640 1744 1707 agno·

485 1707 546 1785 scit
558 1713 771 1795 contraslum
789 1712 906 1784 datum
928 1710 993 1783 elle
1009 1708 1211 1783 societatem.
1261 1712 1493 1807 Qaamobtem
1508 1739 1585 1785 eum
1601 1716 1651 1786 lex
1669 1739 1744 1812 per·

484 1816 607 1898 mittat,
616 1814 799 1909 ursocictar
814 1821 1052 1887 renunciatione
1064 1822 1158 1883 anius
1167 1866 1181 1895 ,
1193 1821 1298 1884 inanito
1311 1812 1602 1905 altera,sa'lvatnr,
1617 1815 1658 1886 de
1666 1816 1745 1887 dato

487 1939 626 2012 quoque
639 1912 813 1990 contrado
831 1913 957 2011 judicat
974 1970 985 2001 ,
1003 1912 1095 2011 quod
1111 1923 1206 1984 nnius
1218 1923 1477 1997 renunciatione,
1499 1918 1603 1986 altera
1619 1926 1742 2005 invito,

480 2015 568 2112 salai
582 2037 689 2117 queat.
740 2023 868 2088 Revera
884 2038 994 2086 autem
1013 2020 1057 2086 ita
1074 2035 1348 2106 argumentatur:
1364 2015 1617 2110 Ontairfiacictar
1631 2045 1744 2089 rennn-

485 2126 623 2213 ciatiana
636 2126 754 2205 unitas,
768 2126 874 2191 inaa'ta
887 2115 1096 2211 altaro,filai
1106 2116 1210 2216 potest.
1261 2114 1325 2215 Sed
1341 2117 1394 2189 hia
1405 2118 1586 2189 contraditas
1599 2121 1640 2205 cll
1647 2120 1744 2211 Jact’r·

484 2239 549 2289 tac.
601 2222 696 2310 Ergo
713 2222 766 2294 hic
778 2218 977 2309 caracallus,
991 2227 1097 2290 irretita
1108 2219 1231 2305 altera,
1245 2227 1339 2290 nnius
1352 2226 1588 2289 renunciatione
1592 2219 1680 2313 salvi
1691 2240 1745 2318 pa-

484 2320 550 2411 test.
602 2322 724 2397 Minor
736 2344 774 2390 re
799 2321 906 2391 eritur
923 2317 1087 2417 applicata
1106 2317 1300 2391 definitione
1322 2313 1481 2391 societatis
1497 2318 1538 2389 ad
1562 2315 1671 2392 calum
1691 2318 1743 2388 da·

486 2442 570 2489 tum.
623 2421 737 2517 Major
752 2346 799 2491 el
815 2419 885 2505 lex,
905 2445 1006 2513 quam
1023 2419 1082 2491 sibi
1098 2415 1272 2491 liminaris
1288 2418 1433 2492 reddidit
1442 2424 1556 2515 JCtus.
1583 2425 1743 2493 Ceterum

484 2520 562 2591 hinc
574 2543 667 2617 patet
684 2519 853 2593 necellitas
869 2519 1106 2592 definitionum
1123 2526 1157 2591 in
1174 2521 1265 2614 jure,
1279 2546 1357 2591 cum
1374 2518 1499 2617 absque
1510 2523 1553 2591 iia
1565 2520 1744 2622 applicatio

475 2619 596 2714 legum
612 2625 739 2695 incerta
755 2620 811 2710 fit,
829 2618 888 2692 ubi
903 2619 1102 2696 notionibus
1118 2616 1264 2696 confufic
1280 2621 1386 2694 fidere
1399 2647 1471 2694 non
1486 2622 1575 2695 licet.

1011 2759 1040 2866 ᾗ.
1073 2774 1206 2865 1224..
1554 2830 1556 2835 .

540 2904 810 3020 Prapaficiancm
825 2904 1082 3023 lapathetiaam
1090 2911 1173 3014 stne
1185 2913 1380 3024 exprefflam
1397 2975 1409 3012 ‚
1422 2909 1502 3010 five
1525 2905 1743 3021 adfirmant
1771 2909 1994 3006 Prapfftiaan

430 3030 634 3139 categorica
658 3017 838 3101 recludam
861 3030 1104 3135 applicaturus
1137 3052 1163 3104 1.
1188 3052 1247 3106 res
1272 3025 1383 3105 obvia
1401 3047 1441 3104 ut
1459 3045 1545 3104 aitte
1570 3024 1616 3102 ad
1632 3022 1741 3102 litum
1770 3008 1969 3129 limbis&

431 3165 552 3246 genus
574 3135 635 3216 vel
652 3136 815 3242 speciem
837 3137 941 3218 suam
965 3137 1164 3220 reducatur
1188 3169 1199 3219 ε
1228 3165 1264 3220 2.
1286 3137 1502 3221 sormentur
1525 3137 1661 3238 judicia
1686 3142 1742 3215 in·
1769 3111 1949 3210 applicata.

430 3258 563 3335 tuitiva
579 3252 639 3358 (i.
658 3253 753 3355 669.
764 3253 806 3357 ),
822 3274 865 3332 ut
881 3275 1052 3361 appareat
1063 3318 1083 3357 „
1105 3281 1199 3334 num
1216 3259 1255 3333 in
1272 3256 1558 3363 predicatorum
1577 3279 1742 3333 numero

433 3385 607 3451 occurrat
624 3365 889 3448 determinatio
907 3367 1089 3473 lubjesli,
1111 3399 1192 3480 qua
1214 3375 1252 3450 in
1277 3368 1536 3479 propositione
1552 3366 1725 3474 hypotlte

430 3489 507 3565 tica
524 3481 786 3565 conditionem
803 3482 952 3591 prabet,
960 3489 998 3564 vi
1015 3488 1120 3586 cujus
1135 3488 1375 3594 praedicatum
1390 3481 1558 3579 subieslo
1573 3481 1740 3565 tribuen-

431 3600 558 3691 dum5
578 3596 640 3677 vel
664 3625 714 3677 ex
738 3599 888 3699 judiciis
911 3606 1097 3683 intuitivis
1119 3601 1345 3707 colligantur
1369 3605 1389 3710 (
1402 3602 1432 3708 d.
1450 3627 1525 3706 551·
1551 3598 1589 3680 dc
1608 3598 1741 3708 seqq.)

430 3713 503 3796 alia
517 3708 712 3794 discursive
728 3717 767 3792 in
784 3719 949 3799 eundem
966 3718 1121 3821 finem,
1144 3716 1209 3799 ubi
1235 3722 1405 3799 intuitiva
1429 3719 1603 3799 nondum
1628 3713 1740 3794 exhi-

430 3828 521 3913 bent
538 3829 895 3913 determinationem
909 3831 1092 3934 subjesti:
1121 3862 1153 3943 3.
1171 3863 1254 3944 quae
1272 3839 1425 3941 generi,
1441 3833 1499 3913 vel
1517 3831 1653 3937 speciei
1670 3826 1739 3908 sub

429 3946 515 4027 data
529 3946 844 4028 determinatione
860 3955 1123 4053 conveniunt,
1144 3950 1339 4057 praedicata
1356 3957 1408 4031 rei
1426 3947 1549 4029 obvia
1572 3945 1739 4025 tribuan-

428 4080 493 4143 tur
505 4062 563 4167 (§.
581 4073 667 4167 348.
682 4060 713 4165 )
762 4057 817 4143 Ita
831 4062 1043 4173 propositio
1057 4065 1303 4176 hypothetica
1318 4069 1364 4149 ad
1379 4062 1595 4174 praesentem
1611 4059 1738 4142 casum

381 4193 386 4203 “
430 4180 502 4261 erit
520 4177 708 4285 applicata.

529 4327 664 4395 Nititur
673 4318 986 4418 scilicetapplicatio
995 4324 1236 4419 proposstionia
1251 4326 1478 4423 hypothetica
1494 4322 1558 4394 lire
1573 4321 1738 4421 expressae,

477 4423 544 4499 five
553 4425 592 4495 ad
604 4421 747 4495 formam
757 4432 949 4517 categoricae
959 4422 1103 4495 redusla
1121 4428 1187 4500 hoc
1201 4423 1414 4524 syllogismo:
1427 4426 1592 4526 Quicquid
1601 4436 1736 4497 catarine-

472 4525 597 4624 curstcb
604 4524 900 4631 genarc,valspccia
915 4534 946 4601 A
960 4526 999 4603 ὅ
1012 4526 1166 4601 admittit
1181 4530 1479 4605 datar-nataticum
1494 4534 1574 4617 G,ci
1590 4534 1735 4627 competit

1613 4629 1733 4733 pradi-
