4834 5634
579 514 591 535 '
627 540 746 669 244
960 520 1601 661 Port.1.tott.111.cap.t.

637 746 845 863 propositio
874 745 1043 833 videatur
1071 744 1314 854 universalis,
1343 774 1424 861 quac
1451 742 1730 851 caisnetel,
1757 768 1824 855 pet
1851 738 1951 829 modo

639 864 887 971 demonstrata.

742 984 843 1073 Ergo.
861 979 895 1047 Si
910 974 986 1072 quis
1004 969 1107 1047 dicate
1124 976 1382 1048 dmncsmendici
1396 968 1658 1065 (scilicetstmul)
1674 996 1817 1077 accepere
1830 980 1957 1073 vigimi

687 1078 748 1178 sex
764 1102 922 1149 nummos:
936 1096 1010 1145 tum
1027 1074 1243 1169 praedicatum
1257 1074 1299 1147 dc
1320 1098 1392 1149 uno
1415 1078 1452 1145 in
1466 1070 1626 1167 fingulari
1641 1079 1815 1147 enunciari
1829 1080 1956 1172 nequit

699 1188 828 1255 Omnes
845 1180 946 1271 igitur
962 1174 1106 1248 mendici
1120 1174 1218 1249 limul
1235 1174 1441 1250 constituunt
1449 1168 1646 1273 lubjeflum,
1654 1174 1747 1271 quod
1767 1172 1958 1250 ideoinllar

699 1278 865 1354 individui
877 1272 1110 1364 confideratur,
1119 1276 1211 1375 quod
1227 1277 1329 1351 nullis
1344 1269 1561 1351 inferioribus
1575 1278 1820 1351 communicari
1863 1272 1956 1349 otell.

702 1378 829 1454 Patebit
842 1381 877 1449 in
892 1378 990 1447 tertia
1005 1381 1127 1450 mentis
1141 1371 1566 1477 operatione,necellarium
1586 1302 1960 1460 adratioeinand'umese

700 1480 788 1572 l‘e,ut
804 1472 1258 1580 propositioneeunivetstlcs
1274 1500 1291 1547 t
1299 1476 1557 1577 particularibus
1567 1476 1601 1549 dt
1611 1475 1834 1573 singularibus
1842 1472 1961 1554 distet·

702 1603 837 1657 nantur.
892 1577 1123 1681 Qramobrcm
1137 1604 1209 1654 non
1230 1576 1356 1654 steriles
1372 1604 1470 1673 nugae
1485 1574 1611 1652 censeri
1625 1577 1757 1672 debent,
1772 1604 1849 1679 quat
1864 1572 1960 1657 usum

702 1708 774 1759 non
816 1678 1187 1755 raevidentibusnullam
1201 1678 1380 1752 utilitatem
1396 1676 1522 1753 habere
1537 1677 1704 1754 videntur.
1755 1684 1960 1757 ceraunio

659 1886 662 1891 -
706 1710 1961 1982 ttltntutttnttltitttfftlllttl‘ttt:

708 1989 881 2059 communi
897 1980 1081 2081 subjellum
1098 1980 1287 2079 designante
1296 1978 1543 2083 comprehensis
1550 1981 1714 2077 figillatim
1722 1986 1964 2085 enunciaripo-

707 2085 778 2176 test,
788 2084 995 2182 hstributivc.
1049 2082 1450 2177 Enimverodistinllione
1464 2080 1772 2157 istanonhabemur
1789 2108 1965 2187 oput,mo·

710 2188 755 2262 do
769 2188 985 2274 theoremata,
1001 2210 1074 2283 quae
1088 2184 1128 2256 de
1142 2209 1207 2283 pro
1234 2183 1429 2256 osttionibut
1445 2185 1632 2272 condimus,
1639 2180 1768 2257 fuerint
1781 2180 1965 2285 perspellt,

707 2294 744 2361 in
761 2314 905 2388 quorum
915 2283 1159 2457 hypothclibus
1167 2208 1319 2357 dilinita
1334 2289 1544 2384 exprimitur,
1553 2283 1646 2387 quod
1660 2289 1816 2363 terminia
1832 2286 1965 2363 &holt-

709 2388 870 2463 sticotum
885 2414 949 2463 con
967 2380 1023 2459 use
1037 2384 1246 2479 indigitetur.

426 2682 595 2784 propositio
795 2650 838 2735 Si
854 2648 991 2768 lignum
1009 2648 1292 2753 universalitatis
1306 2660 1438 2757 intafit
1452 2652 1590 2777 obliquo
1614 2652 1822 2778 ingreditur
1842 2680 1969 2781 propo·

429 2784 493 2857 olli
534 2786 628 2853 cuoti-
652 2768 840 2875 flumem,
864 2764 941 2879 ipfit
955 2791 1075 2848 tamen
1104 2762 1154 2845 ad
1172 2764 1283 2847 aliam
1299 2766 1420 2853 reduci
1445 2772 1573 2885 puell,
1604 2770 1664 2855 ubi
1675 2770 1914 2889 proditorum
1929 2776 1972 2861 dt

430 2808 571 2981 modalis.
658 2883 808 2997 fiorgultt
837 2879 1066 2983 inferioribat
1095 2880 1262 2996 tgillatim
1290 2892 1473 2969 enutuiari
1487 2888 1622 3001 potest,
1649 2889 1804 3007 quaefiob
1821 2900 1971 2977 termino

665 3003 836 3097 communi
849 2996 1048 3104 fiodiedum
1078 2994 1265 3079 denotante
1292 3000 1650 3115 cotnprohenduntur3
1675 3006 1866 3121 proptsttio
1892 3014 1970 3093 tatti-

665 3114 814 3222 vrrfirlit
848 3111 904 3216 cll.
958 3110 1064 3195 Patet
1090 3115 1194 3191 enim
1223 3117 1263 3191 in
1291 3114 1370 3197 hoc
1386 3118 1469 3200 cusu
1494 3120 1795 3229 propositionem
1822 3126 1974 3209 univer·

668 3232 782 3431 sqlscnpl
798 3231 888 3429 llam
906 3228 1070 3313 substitui
1086 3225 1188 3337 polle
1205 3230 1353 3337 (μμ.
1370 3234 1405 3340 ).
1469 3232 1697 3319 Uttiversulis
1714 3241 1830 3357 igitur
1846 3239 1886 3321 ἃ
1900 3240 1971 3351 ipsu

670 3376 741 3431 ee
782 3367 879 3429 cet.
1021 3405 1026 3413 -

772 3466 809 3532 E.
825 3488 874 3553 gr.
901 3458 1103 3561 Propolirio:
1131 3465 1167 3532 ln
1182 3472 1268 3533 onon
1278 3466 1532 3559 triaqgnlolatus
1548 3466 1977 3570 majusfitltettdt'tmnjtrem

720 3566 873 3659 attgulnm
888 3557 1081 3633 universalis
1097 3560 1160 3645 cst3
1176 3560 1232 3634 ctfi
1250 3565 1341 3634 enim
1357 3564 1487 3657 lignum
1504 3564 1756 3643 universalitatis
1765 3585 1868 3646 omnis
1884 3580 1978 3651 inct-

719 3660 757 3737 su
773 3659 913 3758 obliquo
928 3666 963 3733 in
978 3663 1094 3734 eadem
1121 3686 1312 3759 compotett
1335 3664 1552 3765 videaturque
1570 3672 1766 3766 latusmajus
1783 3672 1848 3748 elle
1867 3671 1975 3777 subje-

721 3762 831 3851 llum,
848 3764 887 3833 ad
898 3761 990 3860 quod
1006 3759 1091 3835 istud
1110 3788 1181 3833 non
1196 3760 1360 3850 refertum
1383 3766 1489 3865 potest
1507 3792 1617 3843 tumen
1633 3772 1821 3872 propofitio
1847 3776 1923 3851 data
1939 3776 1981 3851 ad

725 3865 822 3939 aliam
835 3866 1006 3949 reduci,in
1022 3865 1210 3959 quarelttio
1227 3866 1338 3937 lateris
1355 3866 1980 3977 adongulumoppofitumfitpraedica·

722 3992 797 4041 tum
812 3966 846 4037 dt
863 3992 964 4063 quam
979 3962 1199 4044 universalem
1219 3964 1282 4038 elle
1301 3988 1410 4064 potet,
1433 3964 1556 4043 scilicet
1571 3973 1612 4044 ad
1636 3976 1742 4047 hanc:
1762 3982 1859 4053 Omne
1871 3990 1982 4053 trian-

716 4072 831 4171 gulum
855 4067 947 4141 habet
969 4070 1054 4139 latus
1069 4076 1171 4163 majus
1185 4077 1305 4165 majori
1326 4076 1441 4168 attgqu
1459 4095 1494 4173 op
1514 4078 1630 4167 (ofitutu.
1684 4082 1754 4150 Hic
1768 4080 1901 4155 evidens
1915 4078 1981 4173 est,

724 4171 765 4245 de
780 4172 949 4262 triangulo
966 4192 1125 4267 tanquam
1141 4194 1264 4263 genere
1283 4174 1457 4269 predicari
1473 4096 1617 4271 aliquam
1634 4184 1888 4277 proprietatem,
1902 4210 1983 4283 qua

723 4272 860 4364 lingulis
885 4274 956 4371 ejus
976 4266 1149 4373 speciebus
1175 4296 1360 4371 carumque
1390 4273 1569 4349 individuis
1592 4286 1782 4357 communis
1807 4286 1848 4375 (§.
1869 4290 1983 4385 ης.)

725 4380 915 4473 Utramque
930 4400 1011 4446 vero
1027 4371 1292 4473 propofitionem
1308 4373 1371 4447 elle
1387 4374 1524 4449 candem
1542 4401 1631 4475 patet
1646 4383 1733 4468 inde,
1751 4386 1844 4479 quod
1861 4386 1986 4463 eadem

724 4478 860 4571 utrique
875 4480 970 4551 notio
987 4473 1160 4574 complexa
1174 4472 1385 4573 respondeat:
1404 4476 1434 4548 id
1458 4477 1550 4575 quod
1564 4480 1665 4578 paulo
1693 4484 1768 4581 post
1794 4484 1986 4565 distindiut

724 4574 1071 4682 enobitostcndctur·
1121 4574 1281 4653 Similiter
1289 4602 1327 4655 ex
1336 4577 1451 4659 eudon
1461 4584 1597 4657 tatione.
1610 4583 1914 4692 identitatenempe
1923 4618 1986 4667 no·

1879 4698 1986 4771 uouit
