4834 5634
1679 554 2059 621 st*

854 780 1365 931 ·DeDcfiuitiouibur.
1586 924 1588 929 ¹
1697 821 1791 937 215·

464 1042 555 1107 uus
569 1010 638 1103 nisi
652 1010 788 1121 rebus,
817 1014 957 1127 quibus
971 1011 1214 1125 indigitandis
1240 1020 1489 1129 destinantur,
1524 1043 1636 1137 atque
1650 1050 1781 1121 earum

462 1162 540 1245 ope
552 1134 623 1217 has
639 1130 775 1216 obvias
790 1132 1047 1239 agnoscamus.
1113 1126 1283 1216 Praebent
1306 1165 1461 1251 quoque
1483 1144 1606 1250 prima
1628 1145 1779 1223 ratioci-

454 1250 574 1335 nandi
589 1250 800 1361 principia,
829 1268 872 1331 ut
887 1274 968 1361 qua
983 1247 1032 1329 de
1047 1246 1158 1331 rebus
1183 1254 1365 1357 cognosci
1387 1254 1537 1363 poliunt
1554 1252 1642 1337 inde
1657 1255 1777 1337 dedu·

451 1372 598 1451 cantur.
633 1357 743 1447 Futct
761 1360 843 1445 ltoc
856 1390 907 1445 ex
922 1364 1057 1445 nostris
1071 1358 1541 1477 AnalyseosseuAlgebra·
1547 1364 1775 1477 Elementa,

448 1470 517 1565 ubi
533 1510 586 1565 ex
602 1476 881 1591 aquationibus
903 1504 1127 1583 curvarum,
1161 1508 1243 1589 qua
1269 1482 1554 1569 definitionibus
1571 1484 1774 1570 nominali-

447 1594 521 1681 bus
536 1594 792 1705 respondent,
808 1594 1043 1681 dedunt-imus¹
1054 1619 1184 1675 earum
1200 1602 1465 1706 proprietates,
1494 1603 1662 1713 ipsasque
1678 1628 1773 1684 con·

445 1706 699 1815 ſtruiliones,
716 1738 799 1823 qua
816 1707 1101 1793 definitionibus
1117 1714 1298 1817 geneticis
1314 1715 1551 1823 respondent
1609 1704 1695 1829 ipsa
1705 1744 1772 1799 au-

443 1828 728 1939 temgenptica
741 1824 980 1909 definitiones
1005 1823 1110 1935 hunc
1152 1828 1332 1939 inprimis
1348 1832 1515 1939 prasinus
1536 1834 1668 1937 usum,
1705 1852 1770 1938 ut,

444 1938 538 2055 ’φιπ
551 1946 608 2025 rei
622 1936 784 2025 definita
800 1936 1054 2044 conveniunt,
1081 1942 1170 2023 inde
1194 1936 1341 2027 facilius
1366 1946 1503 2029 deduci
1527 1948 1679 2056 polliut,
1709 1969 1769 2032 ut·

453 2054 670 2255 ffltio
689 2052 865 2141 reddatur
886 2082 1045 2161 eorum,
1068 2083 1149 2168 qua
1165 2056 1290 2139 insunt
1305 2088 1460 2171 quaque
1478 2063 1587 2143 inclle
1605 2064 1764 2173 poliunt.

582 2176 590 2191 '
610 2175 739 2255 'umam
750 2170 943 2255 theoriam
957 2169 1133 2253 dedimus
1147 2170 1337 2281 prolixam
1353 2200 1507 2286 propter
1534 2178 1763 2287 utilitatem,

455 2310 578 2401 quam
593 2282 767 2369 undet
823 2278 1018 2393 Magnum
1040 2289 1145 2369 enirn
1166 2288 1215 2369 ad
1239 2295 1433 2373 veritatem
1458 2293 1764 2399 cognoscendam

443 2398 732 2515 prendimus
752 2404 795 2485 in
810 2396 1097 2487 delinitionibus
1111 2398 1356 2487 collocarunt
1411 2402 1595 2489 Patebunt
1610 2408 1691 2493 hac
1706 2414 1766 2489 in-

439 2514 568 2605 fertus
590 2538 666 2602 una
687 2540 782 2603 curn
804 2510 908 2622 aliis,
936 2516 1074 2629 quibus
1120 2518 1417 2603 demonstrandis
1435 2520 1615 2605 hasienus
1631 2524 1764 2606 tradita

436 2634 623 2719 nondum
639 2634 844 2743 sufficiunt.
932 2632 979 2716 T
979 2639 1217 2718 erminorum
1239 2636 1349 2727 usum
1365 2642 1504 2719 evitare
1532 2666 1612 2719 non
1631 2636 1766 2743 licuit,

437 2746 509 2837 nili
522 2746 775 2855 uoluill‘emus
789 2746 929 2859 inipso
972 2748 1104 2832 limine
1146 2742 1354 2835 consistere.
1414 2749 1544 2875 Qarc
1565 2782 1655 2836 narn
1670 2770 1762 2864 prd-

411 2865 537 2973 „llent
550 2886 715 2973 veteres,
738 2892 881 2949 vanum
894 2860 1018 2949 suisset
1039 2892 1165 2949 novos
1181 2868 1357 2949 condere.
1376 2866 1420 2951 In
1436 2874 1632 2951 veritatem
1649 2874 1762 2954 unice

440 2972 575 3067 tuenti
590 2980 746 3077 sumus;
771 3010 850 3063 non
864 2986 1018 3063 vanitati
1033 2974 1195 3065 litanrus
1261 2974 1398 3065 Pratin
1420 2986 1760 3093 investigandamm

449 3102 651 3183 notionum
692 3094 950 3181 dislinslarum
995 3090 1034 3179 lit
1077 3098 1363 3181 condendarum
1395 3096 1664 3183 definitionum
1693 3100 1759 3185 hic

443 3215 622 3299 noudum
635 3216 784 3297 tradere
800 3212 916 3295 licuit
974 3212 1165 3324 Supponit
1179 3241 1222 3294 ea
1239 3216 1348 3296 usum
1364 3221 1542 3298 onmium
1567 3224 1757 3325 operatio-

437 3358 538 3415 num
553 3334 705 3413 mentis.
760 3325 861 3410 Eam
875 3333 993 3435 igitur
1007 3330 1166 3413 secunda
1184 3329 1222 3409 dt
1248 3336 1354 3411 tertia
1379 3330 1662 3439 operationibus
1679 3332 1755 3415 suf-

435 3444 821 3557 licientcrexplicatis
860 3444 1047 3529 dabimus
1131 3442 1305 3527 Secunda
1329 3474 1422 3530 vero
1438 3448 1475 3528 a
1491 3440 1598 3529 tertia
1615 3453 1755 3535 mentis

433 3566 615 3675 operatio
630 3562 809 3671 supponit
826 3556 1017 3645 theoriam
1032 3562 1321 3663 definitionum,
1358 3589 1473 3673 quana
1498 3564 1596 3644 adeo
1617 3562 1756 3645 iisdem

413 3668 618 3793 'pramitti
633 3672 776 3761 necess'c
789 3697 878 3759 erat.
936 3670 1068 3761 Habes
1084 3681 1272 3759 rationem
1286 3676 1553 3781 sufficientem,
1568 3674 1758 3761 cortheo·
1899 3768 1901 3773 ,

434 3800 538 3879 sinn
554 3792 595 3877 dt
612 3798 746 3905 praxin
759 3816 840 3875 non
862 3816 943 3878 uno
958 3791 1049 3877 loco
1063 3790 1389 3901 explicavernnus
1447 3786 1649 3905 Perspicies
1668 3822 1753 3877 eam

433 3910 599 4016 clarius,
612 3907 680 3993 ubi
696 3906 800 4016 leges
815 3908 991 3991 methodi
1009 3906 1165 3991 inferius
1186 3903 1385 3993 tradendas
1412 3906 1587 3995 habueris
1603 3910 1751 4020 perspe·

436 4026 531 4113 tias
545 4022 640 4111 Nec
658 4028 785 4107 minus
799 4022 865 4105 hic
880 4025 961 4107 usui
974 4024 1159 4137 sunt,qua
1175 4024 1223 4107 de
1240 4025 1429 4109 methodo
1437 4026 1701 4137 philosophica
1710 4031 1751 4108 in

438 4142 610 4229 discursu
633 4134 872 4251 praliminari
885 4146 1142 4251 praecepimus
1207 4136 1425 4249 lnlegcndis
1442 4146 1576 4227 nostris
1592 4144 1754 4223 tenenda

434 4260 547 4365 fiant,
575 4284 660 4371 qua
674 4256 744 4341 suo
761 4254 851 4341 loco
859 4254 908 4337 de
923 4252 1244 4365 legendisscriptis
1252 4259 1477 4365 dogmaticis
1489 4258 1678 4341 methodo
1686 4260 1755 4338 sci·

432 4376 588 4463 entiiica
604 4372 826 4483 conscriptis
840 4370 1035 4457 docemus.
1060 4366 1249 4483 Exempla
1271 4370 1445 4457 dedimus
1470 4370 1754 4475 mathematica,

433 4466 503 4578 l‘etl
514 4490 625 4598 talin,
654 4514 736 4605 qua
751 4484 855 4577 haud
871 4486 1029 4573 multum
1054 4486 1290 4573 Geometria
1311 4496 1487 4573 notitiam
1514 4492 1752 4599 supponunt,

437 4632 530 4693 mm
542 4636 591 4693 ea
605 4604 676 4691 lint
691 4602 868 4689 facillima
884 4604 924 4687 δι
936 4630 1040 4689 extra
1057 4604 1317 4717 disputationis
1334 4602 1453 4687 aleam
1470 4600 1596 4713 pofita.
1607 4600 1754 4685 Monoi

439 4741 562 4861 tanna
574 4726 657 4831 iam
679 4722 850 4835 saperius
872 4718 1030 4833 (noris.
1048 4712 1147 4831 95ss),
1162 4712 1617 4833 iplarnLogicamnoslro
1633 4718 1758 4801 modo
1900 4834 1904 4842 Ι

432 4837 717 5051 ἔξω.
746 4840 984 4990 suppeditare
1025 4836 1220 4957 exempla,
1257 4836 1395 4957 quibus
1412 4828 1557 4947 regulas
1573 4830 1757 5037 sapaEsp'lllp.
