4834 5634
667 376 759 487 712
971 336 1111 444 Part.
1133 337 1202 439 ll.
1225 332 1441 439 oreth.
1459 336 1567 469 Cap.
1590 334 1631 445 I.

716 555 1104 661 camprorsurseponar‚
1135 584 1198 632 nec
1213 563 1248 633 in
1264 582 1320 645 ea,
1337 581 1442 656 quer
1466 556 1644 659 posteriori
1668 557 1844 646 hauritur,
1863 562 1992 640 vitium

715 662 940 763 subreptionit
959 660 1139 735 declinabis
1160 661 1374 757 experientior
1390 660 1473 733 adeo
1489 662 1661 732 inimicum
1679 659 1725 748 (h.
1742 660 1867 750 668.)‚
1878 686 1943 734 nec
1954 665 1988 735 in

716 764 904 840 formmdis
920 763 1172 836 delinitionibus
1189 762 1236 855 (h.
1255 766 1332 843 680.
1347 764 1432 851 631.)
1450 783 1550 857 atque
1569 756 1860 858 propositionibus
1876 762 1987 835 deter-

717 871 851 939 mimtis
869 866 933 937 hve
948 867 1143 956 categoricir
1161 868 1206 953 (p.
1227 874 1332 955 705.),
1360 858 1424 933 live
1441 860 1672 957 hypotheticis
1690 856 1741 958 (§.
1766 866 1879 952 706.)
1913 885 1988 935 tuto

719 964 849 1067 semper
865 971 996 1037 tramite
1018 964 1188 1062 procedes.
1241 962 1406 1031 Omnium
1422 967 1550 1060 optimc
1568 985 1607 1031 cx
1624 954 1841 1059 philosophia
1857 968 1988 1060 experi-

719 1067 852 1144 mentali
871 1068 1033 1140 eomodo
1053 1060 1269 1163 pereruditi,
1297 1086 1365 1158 quo
1383 1087 1399 1131 a
1419 1061 1515 1135 nobit
1530 1061 1687 1149 traditur,
1715 1085 1869 1159 appetet,
1881 1088 1986 1161 quan·

719 1191 795 1243 tum
810 1167 917 1239 caleat
932 1170 1137 1264 experientia
1156 1160 1448 1240 demonstrationis
1465 1162 1593 1235 lumine
1612 1164 1724 1260 adjuta
1744 1218 1752 1250 ,
1780 1164 1986 1259 quemvis&

720 1293 837 1343 cerere
852 1265 1075 1368 philosophie
1092 1262 1211 1341 nostre
1237 1284 1350 1362 portes
1375 1262 1535 1337 letiorem
1561 1286 1723 1340 attentum
1743 1262 1837 1341 idem
1863 1265 1985 1340 docete

721 1374 862 1448 valcant.

1238 1549 1271 1655 i·
1317 1573 1400 1655 991·

429 1750 575 1841 Qunam
605 1733 655 1803 hic
854 1740 1019 1820 Alterum
1036 1741 1076 1817 vi
1090 1736 1391 1839 demonstrationis
1405 1732 1622 1813 concionem
1634 1760 1710 1813 ram
1726 1760 1892 1844 eousque
1908 1763 1987 1819 corr·

422 1836 656 1951 principiastnt
676 1861 817 1937 tinum
831 1854 947 1953 debet,
975 1857 1078 1932 donec
1092 1846 1364 1958 insyllogifiuis,
1393 1852 1455 1957 qui
1468 1848 1608 1926 eandem
1623 1853 1884 1959 ingrediuntur,
1898 1873 1985 1959 per-

428 1936 627 2047 fi‘dffl’wnda'
674 1979 809 2053 veneris
823 1970 1071 2074 adpraemisprs
1085 1974 1119 2046 ei
1132 1989 1262 2063 cerrus,
1288 1966 1367 2064 erl,
1396 1960 1454 2040 uli
1470 1968 1508 2039 r'n
1519 1968 1709 2075 prinn'piis
1718 1965 1986 2071 prorfiuadbec

669 2083 788 2191 hospes
801 2086 870 2185 est,
897 2084 1199 2189 addrfinitioner‚
1227 2084 1408 2157 ociorum
1424 2078 1468 2155 θ’
1490 2082 1730 2182 experiendos
1751 2076 1984 2164 irrdubirotar.

670 2198 827 2285 Etenim
844 2200 910 2309 qui
927 2200 965 2277 vi
989 2194 1318 2279 demonstrationis
1362 2192 1409 2273 ad
1440 2186 1621 2271 olicnlhtu
1643 2190 1826 2303 compelli
1848 2194 1982 2299 debet,

669 2320 702 2400 is
730 2312 955 2420 singularum
984 2307 1248 2421 ptaemih'urum
1291 2312 1487 2387 veritatem
1522 2303 1729 2415 perspicere
1762 2307 1877 2393 debet
1916 2314 1939 2419 (
1948 2314 1979 2420 h

667 2434 760 2539 569.
780 2434 855 2532 ).,
912 2426 1182 2535 conliquenter
1217 2422 1402 2531 preemiliu
1436 2418 1582 2525 lingula:
1611 2424 1736 2507 eidem
1771 2446 1880 2507 ccnae
1911 2424 1983 2509 hot

670 2542 812 2625 ncceiic
833 2542 947 2648 enm.
964 2543 1089 2645 564).
1149 2534 1348 2658 Quamdiu
1364 2538 1461 2617 adeo
1478 2538 1518 2615 io
1535 2536 1821 2623 demonstranda
1831 2569 1982 2651 propo·

668 2655 800 2741 sitione
814 2656 972 2736 sumitur
1014 2655 1136 2762 eliqua
1179 2651 1379 2761 praemiiiu,
1407 2679 1488 2761 que
1512 2657 1779 2739 convincendo
1798 2658 1981 2740 nondum

665 2792 764 2855 certo
781 2773 852 2862 est;
880 2770 1013 2851 codem
1032 2768 1188 2851 ulterius
1204 2766 1509 2869 demonstrando,
1539 2766 1663 2852 donec
1680 2768 1979 2880 praenuliaesum-

665 2909 710 2970 te
728 2914 862 2969 omnes
879 2886 1005 2968 eidem
1021 2903 1127 2967 ccrtae
1142 2880 1291 2966 fuerint.
1349 2878 1497 3001 Qodfi
1520 2909 1611 2991 crgo
1635 2894 1812 2971 omnium
1832 2890 1979 2996 princi.

664 3008 820 3116 piorum
837 3000 948 3084 fuerit
965 3007 1135 3108 ignorem,
1159 2998 1394 3107 pergendum
1412 3002 1541 3106 utiquc
1559 3002 1611 3083 est
1626 3030 1746 3114 utque
1763 3003 1811 3085 ad
1833 3007 1976 3113 princi.

659 3124 721 3231 pia
740 3117 1016 3200 demonstrandi
1033 3120 1174 3224 primo,
1204 3116 1443 3196 definitiones
1460 3140 1618 3226 tietupe,
1645 3126 1835 3202 axiomata
1853 3118 1891 3201 dr
1908 3148 1977 3203 ex.

661 3237 860 3344 perientias
877 3231 1099 3312 indubitatus
1128 3235 1181 3336 (h.
1196 3232 1317 3337 562).

828 3344 936 3427 lelcm
953 3346 1076 3427 oellmc
1094 3344 1161 3424 ulia
1178 3350 1322 3427 tatione
1338 3342 1386 3428 fic
1403 3344 1621 3427 oilcnditur.
1652 3341 1733 3466 Qi
1751 3350 1789 3429 vi
1807 3350 1974 3432 demon·

661 3464 846 3546 strationic
864 3462 899 3540 li·
917 3460 1137 3543 ronvic'hrm
1155 3457 1260 3541 lhilie
1276 3482 1449 3571 expertus
1465 3457 1557 3563 fuit,
1575 3465 1605 3540 is
1622 3461 1971 3549 sucrclhvconmcs

661 3577 901 3659 definitiones
919 3574 1240 3684 deptopohtiones
1249 3577 1426 3687 expendit
1433 3574 1572 3687 libique
1582 3574 1780 3659 familiares
1791 3581 1970 3684 reddidit,

660 3722 742 3806 que
764 3712 939 3803 tutiqumn
966 3690 1150 3800 premilhr
1190 3690 1426 3800 syllogiliuos
1451 3694 1491 3771 in
1534 3692 1855 3777 demonstratione
1886 3702 1908 3805 (
1938 3700 1968 3805 h.

659 3808 874 3918 551.&scq.
908 3810 929 3916 )
964 3827 1228 3890 concatenatos
1274 3808 1565 3915 ingrediuntur,
1594 3829 1793 3921 antequem
1831 3816 1871 3892 vi
1904 3813 1972 3895 ‹lc-

659 3925 939 4007 monstrationis
955 3925 1002 4004 ad
1018 3922 1195 4004 allenium
1218 3923 1466 4033 propohtioni
1484 3924 1573 4005 (luter
1590 3925 1836 4032 probcndum
1853 3956 1969 4012 com·

657 4038 746 4148 pelli
762 4045 909 4147 potuit,
939 4040 1208 4148 consequenter
1225 4045 1387 4121 veritatis
1403 4042 1482 4139 ejus
1499 4039 1698 4125 couvidlus
1713 4040 1796 4125 fuit.
1818 4042 1968 4155 Qum-

657 4152 791 4235 obrcm
808 4153 874 4236 ubi
892 4154 982 4236 ulter
998 4154 1152 4262 perinde
1170 4182 1212 4236 oc
1230 4156 1304 4264 ipl'e
1320 4155 1488 4257 ejusdem
1506 4161 1671 4241 veritatis
1694 4163 1873 4243 convinci
1901 4162 1968 4243 dc-

655 4265 739 4359 bet3
768 4271 920 4351 easdem
936 4271 1174 4351 definitiones
1193 4296 1236 4350 ac
1253 4271 1528 4381 propolitioncs
1547 4272 1745 4358 litcceihve
1771 4278 1965 4385 expende-

653 4408 695 4465 te
710 4380 851 4497 hbiquc
866 4384 1068 4470 lmuilimcs
1088 4387 1245 4468 reddere
1263 4408 1420 4473 tenetur.
1491 4384 1597 4471 Eum
1618 4393 1716 4477 adeo
1733 4398 1772 4475 vi
1797 4393 1963 4476 demon-

1870 4510 1960 4592 stro·
