4834 5634
835 419 842 428 ι
920 397 957 438 '¹‘

966 465 1128 518 ms
1223 463 1340 498 *uxr-²
1382 449 1423 466 ”

1405 569 1463 577 ...
1486 567 1520 577 .··.
1571 565 1678 576 ....··--
1696 543 2060 573 ...m-w·

862 802 947 914 De
984 796 1379 945 diffinitionibus.
1677 850 1783 963 209

458 1038 515 1124 rd
532 1061 609 1119 rem
626 1028 905 1142 agnoscendam
920 1031 960 1113 dr
974 1029 1022 1115 ab
1033 1032 1116 1122 aliis
1124 1035 1407 1122 discernendam
1420 1036 1609 1127 sufficiunt
1616 1043 1779 1159 (§.153.).

459 1152 540 1257 Sed
546 1177 667 1262 genus
683 1147 723 1232 dr
738 1148 948 1234 differentia
970 1148 1141 1260 specifica
1163 1152 1330 1264 prebent
1355 1175 1465 1240 notas
1487 1156 1711 1245 sufficientes
1731 1164 1781 1250 ad

455 1271 661 1357 definitum
678 1264 961 1373 agnoscendum
980 1288 1094 1379 utque
1108 1266 1256 1357 maliis
1270 1270 1560 1360 discernendum
1588 1277 1777 1389 (5185.)

453 1388 507 1488 ad
530 1383 801 1470 definitionem
820 1384 948 1495 itaque
964 1380 1165 1469 fiafficiunt.

1062 1587 1074 1610 .
1147 1540 1230 1635 187.

596 1643 640 1725 sa·
651 1638 831 1761 odgerus
843 1528 1178 1749 definitumsiaen't,
1199 1638 1263 1729 vel
1275 1650 1449 1752 termino,
1472 1670 1545 1764 quo
1568 1638 1781 1754 denotatur,
1792 1656 2018 1759 Quodam·

449 1754 641 1879 respondet
654 1752 967 1864 muocsara,fcd
984 1754 1155 1863 confidit,-
1186 1760 1227 1843 in
1245 1754 1447 1867 dfirtirione
1467 1784 1610 1843 tantum
1633 1772 1779 1879 ponitur
1794 1784 1854 1829 nus
1874 1768 1981 1857 ingre-

453 1883 656 1979 terminus,
669 1899 862 1994 quagenus
875 1870 1089 1978 denotatur,
1117 1902 1340 1994 nequaquam
1359 1873 1465 1985 instro
1482 1900 1575 1960 nota
1586 1878 1777 1997 figzlsatr‘m
1792 1857 1910 1982 “fad‘'
1925 1859 2002 1953 dfi-

460 2014 731 2077 enumeranrnr.
814 1984 861 2071 Si
894 1990 1001 2069 eninr
1043 2016 1164 2097 genus
1177 1986 1252 2073 fuit
1267 1990 1487 2098 definitum,
1513 1999 1682 2077 termino
1695 1998 1776 2098 ejus
1790 1980 1954 2035 ''m''

464 2103 669 2215 respondet
682 2106 793 2186 notio
807 2102 997 2215 completa
1022 2124 1135 2215 atque
1159 2106 1401 2190 determinata
1440 2109 1504 2217 (i.
1529 2112 1657 2219 152),
1693 2139 1776 2221 qua

467 2220 627 2307 eumad
644 2218 761 2327 ipsurn
774 2223 813 2301 in
829 2220 923 2301 'statu
938 2216 1113 2331 quolibet
1126 2221 1407 2327 agnoscendum
1422 2224 1579 2307 sufficiat
1603 2226 1660 2333 (d.
1674 2230 1776 2337 92),

463 2364 542 2421 nec
565 2340 762 2449 quiequam
804 2338 993 2445 peregrini
1016 2334 1236 2419 admixmm
1268 2335 1405 2419 habeat
1422 2329 1494 2447 ¹(§.
1517 2341 1635 2447 123.),
1662 2332 1778 2452 atque

460 2456 632 2537 ternu'no
658 2450 799 2549 audito
820 2454 863 2534 in
891 2454 1122 2534 memoriam
1138 2454 1310 2536 revocari
1337 2452 1450 2562 possit
1476 2456 1668 2563 (§.116.);
1697 2482 1779 2539 non

455 2571 547 2655 sane
561 2594 662 2679 opus
672 2566 751 2672 est,
778 2586 823 2649 ut
865 2587 965 2648 notae
988 2570 1137 2673 generis
1180 2572 1222 2651 in
1245 2566 1467 2653 defirntione
1513 2568 1779 2653 recenseantur.

456 2684 613 2771 Sufficit
626 2709 723 2791 ergo
747 2686 788 2767 in
802 2706 846 2763 ea
858 2686 955 2795 poni
970 2678 1096 2767 solum
1116 2686 1349 2793 terminum,
1382 2711 1464 2800 quo
1485 2710 1608 2795 genus
1623 2684 1781 2769 denota-

454 2825 531 2889 tur.

613 2911 662 2999 Si
677 2915 859 3017 terminu,
874 2938 954 3023 quo
969 2939 1090 3021 genus
1113 2912 1329 3017 denotatur,
1351 2912 1554 3024 respondet
1578 2918 1689 2999 notio
1703 2913 1779 2999 eia·

465 3061 525 3141 ra,
548 3032 614 3117 etsr
629 3027 789 3115 confusa
795 3057 809 3123 3
839 3054 881 3110 ea
896 3026 1023 3111 adhuc
1038 3027 1174 3112 sufficit
1197 3029 1247 3111 ad
1266 3058 1350 3112 rem
1370 3028 1648 3138 agnoscendam
1667 3052 1782 3144 atque

467 3149 606 3238 abaliis
622 3144 927 3253 distinguendam
952 3144 1008 3252 (d.
1030 3156 1096 3243 80.
1111 3147 1212 3253 88.)
1272 3143 1420 3255 integra
1428 3148 1543 3251 igitur
1556 3150 1782 3253 generisno·

463 3273 520 3354 tio
537 3264 700 3351 habetur
715 3286 789 3372 pro
821 3279 911 3341 nota
947 3286 1021 3342 una
1037 3258 1207 3355 definiti3
1235 3282 1347 3371 atque
1362 3260 1483 3364 adeo,
1507 3288 1602 3343 cum
1619 3265 1660 3343 in
1688 3261 1782 3343 defi-

460 3390 730 3469 nitionenota
747 3374 1009 3459 enumeranda
1024 3372 1094 3461 sint
1122 3376 1177 3489 (ᾗ.
1195 3377 1312 3489 153),
1327 3380 1548 3482 terminum,
1564 3402 1645 3491 quo
1658 3405 1781 3487 genus

459 3502 689 3600 denotatur,
706 3500 747 3575 in
761 3518 804 3575 ea
818 3495 915 3604 poni
930 3490 1076 3575 sufficit

599 3641 730 3728 Aliter
771 3634 1041 3750 propositionis
1071 3653 1233 3745 uterque
1257 3628 1363 3716 casus
1390 3657 1467 3715 una
1494 3633 1781 3718 demonstratur.

462 3764 607 3853 Genus
654 3754 813 3841 exhibet
839 3751 1125 3837 similitudinem
1157 3750 1294 3858 speciei
1330 3748 1551 3832 definienda
1586 3778 1678 3834 cum
1697 3751 1781 3835 aiiir

459 3885 519 3994 (§,
536 3880 626 3987 45.)
649 3874 822 3983 adeoque
837 3868 980 3981 aliquid
998 3870 1053 3947 rei
1069 3865 1333 3970 intrinsecum,
1360 3865 1468 3978 quod
1487 3870 1526 3947 ei
1540 3867 1781 3975 agnoscenda

463 3989 678 4085 &erebus
706 3985 947 4071 similitudine
977 3984 1159 4064 destitutis
1185 3979 1437 4065 discernenda
1451 3980 1623 4089 inservit,
1651 3982 1783 4066 conse-

463 4102 934 4233 quenternotamdesrniti
950 4097 1142 4180 constituit
1171 4096 1225 4206 (d.
1239 4099 1338 4205 79.).
1431 4094 1654 4182 Notionem
1680 4100 1782 4183 istius

466 4236 516 4321 ad
532 4254 622 4313 eom
638 4219 913 4332 agnoscendam
955 4242 1047 4298 cum
1087 4211 1242 4317 habeat,
1270 4216 1338 4323 qui
1360 4238 1482 4321 genus
1499 4215 1655 4297 definire
1683 4213 1783 4296 valet

466 4354 521 4464 (a
541 4344 654 4451 tta->³
667 4336 730 4419 vei
743 4342 825 4439 ejus
841 4336 1043 4417 notionem
1056 4328 1215 4433 claram,
1237 4326 1303 4411 etfi
1319 4326 1516 4413 confusam
1531 4330 1781 4438 habet(§.800

469 4464 578 4572 m
608 4454 747 4542 fitfficit
760 4454 992 4553 tenninum,
1018 4473 1100 4561 quo
1114 4471 1158 4529 ea
1173 4447 1785 4557 indigitetur,indefinitioneponi

519 4575 645 4686 usa)-

473 4585 517 4696 (δ
570 4727 669 4815 agr.
685 4716 720 4787 si
734 4713 935 4811 triangulum
948 4715 984 4785 in
994 4732 1117 4807 genere
1134 4704 1203 4784 fuir
1216 4704 1395 4783 definitum
1404 4734 1467 4803 per
1476 4704 1618 4799 figuram
1627 4702 1734 4777 tribus
1743 4703 1789 4781 lr-

528 4824 654 4903 teribus
662 4810 1128 4992 comprehensamfueritaue
1136 4807 1278 4885 ulterius
1288 4817 1321 4885 in
1331 4805 1675 4910 speeiedefiniendnm
1685 4816 1790 4881 trian-

519 4917 818 5031 gulumscasmumr
842 4941 914 4993 non
931 4922 1020 5019 opus
1040 4940 1060 4991 e
1097 4968 1109 5002 ,
1132 4908 1293 5005 utfigurn
1308 4935 1407 5013 atque
1422 4912 1557 4987 numeri
1570 4908 1792 4986 ternarii-ate-

529 5024 792 5123 (Wdliilagica)
1183 5013 1247 5089 Dd
1459 5080 1462 5088 .
1696 5037 1793 5095 rum.
