4834 5634
1727 561 2021 595 *a

714 790 1121 941 DtJodt‘ct‘orum
1137 789 1463 933 Di'ffcrentin
1672 827 1773 939 239

467 1022 531 1119 bib
571 1018 760 1141 superiori
802 1030 1057 1134 continentur,
1085 1022 1230 1134 relatis,
1260 1052 1466 1142 eurumque
1480 1024 1686 1112 individuis
1701 1022 1770 1112 sub

463 1146 596 1237 cedem
609 1144 834 1229 conditione
847 1144 1037 1254 predicari
1052 1142 1212 1253 possunt.
1324 1174 1327 1179 ⁴

476 1296 481 1307 ·
565 1266 604 1333 E.
615 1284 666 1355 gr.
681 1264 717 1333 Si
722 1260 854 1355 suerint
868 1259 934 1331 duo
945 1285 1046 1332 citroae
1059 1254 1306 1359 thebraicaesub
1323 1258 1430 1333 eadem
1446 1265 1618 1362 aquatione
1637 1276 1770 1432 comqqp-

502 1358 605 1459 laſse
622 1360 664 1439 θ’
678 1362 848 1453 constamus
863 1384 932 1433 tam
946 1362 1158 1458 ingredientes
1170 1358 1335 1463 utrobique
1358 1362 1487 1435 eandem
1509 1360 1636 1455 interse
1656 1362 1698 1434 ha

502 1470 580 1537 rint
592 1472 772 1541 rationem,
789 1460 845 1529 orl
861 1458 999 1546 constans
1015 1468 1182 1556 quantitas
1197 1468 1323 1557 nonnifi
1332 1490 1397 1535 una
1411 1463 1616 1579 ingredianir
1623 1486 1638 1550 ,⁶
1665 1484 1767 1533 curva

494 1558 710 1659 finilcssimt,
725 1556 1039 1657 quemadmodum
1055 1580 1110 1628 me
1126 1558 1389 1631 demonstratum
1407 1559 1472 1633 fuit
1486 1562 1522 1631 itt
1545 1559 1635 1632 Astis
1650 1559 1771 1632 Erudi-

504 1686 626 1737 totum
634 1672 675 1733 A.
688 1684 768 1755 1715.
776 1685 809 1760 p.
820 1651 1023 1753 zipdtseqq.
1050 1656 1252 1755 Hicahquid
1263 1660 1457 1758 praedicitur
1472 1658 1513 1733 de
1528 1661 1766 1733 omnibuscut·

505 1764 558 1837 rit
575 1760 792 1855 algebtaicit,
807 1752 863 1831 sed
877 1753 936 1828 sub
956 1754 1085 1829 duabus
1101 1757 1365 1845 conditionibus,
1381 1763 1474 1860 quod
1488 1785 1610 1859 nempe
1624 1786 1768 1861 perean-

506 1864 820 1961 tlcntaequationem
835 1855 967 1930 definiti
979 1854 1111 1957 possint,
1126 1854 1192 1947 seu,
1208 1859 1301 1955 quod
1318 1860 1459 1960 perinde
1480 1860 1543 1943 cst,
1569 1860 1609 1933 ad
1627 1861 1768 1935 eandem

454 1984 457 1991 '
488 1960 654 2067 'speciem
667 1960 819 2059 ejusdem
837 1961 967 2051 generis
983 1953 1182 2048 referantur,
1198 1960 1232 2033 tit
1248 1960 1341 2058 quod
1356 1970 1555 2061 quantitates
1571 1960 1682 2035 consa
1695 1988 1767 2049 area,

428 2100 436 2133 i
496 2085 614 2167 ,qm
639 2058 1074 2155 uitionemingrediuntur,
1098 2048 1176 2143 seu,
1191 2060 1283 2159 quod
1299 2063 1439 2163 perinde
1454 2062 1516 2152 cst,
1543 2060 1625 2162 quib
1649 2070 1767 2137 edatis

508 2188 614 2239 cutte
666 2168 888 2249 terminatur,
913 2154 976 2232 sitit
988 2163 1024 2233 in
1039 2158 1342 2262 eadentutrobiqtte
1350 2167 1490 2252 ratione,
1498 2164 1652 2255 autquod
1662 2192 1764 2261 quin·

512 2268 590 2337 tittt
599 2262 748 2341 constans
762 2285 893 2351 tantum
908 2284 976 2333 unt
988 2258 1206 2351 ingrediatur.
1233 2260 1329 2336 Idem
1344 2260 1764 2363 predicitumsubdutbuc

471 2432 475 2439 .
508 2362 577 2439 iiiii
589 2361 839 2439 conditionibus
848 2359 951 2434 tribui
960 2359 1070 2459 potest
1078 2360 1173 2434 omni
1189 2384 1370 2437 curtatum
1384 2370 1517 2457 generi,
1529 2362 1634 2437 veluti
1655 2368 1763 2440 omni·

502 2462 761 2561 butsedit'msbm
776 2469 889 2537 conicit
908 2464 1246 2563 primumcutvarum
1264 2490 1369 2557 genui
1385 2463 1670 2539 constituentibus.
1696 2472 1764 2537 lm·

481 2566 826 2663 'htueidemquoque
835 2562 1053 2663 tribuipotest
1062 2559 1280 2663 omnispeciei
1290 2564 1434 2662 ejusdem
1444 2567 1573 2663 generis
1582 2560 1765 2655 inferioris,

499 2666 610 2742 velum
621 2662 793 2769 'Hsipstbw,
815 2662 1019 2765 Hypericlis,
1033 2662 1200 2737 Parabolis
1214 2668 1432 2768 Apodom'am'r.
1463 2666 1601 2741 Etenim
1618 2656 1763 2767 Ellipset

447 2830 452 2841 .
476 2838 479 2843 .
498 2768 826 2867 etquc'Hyperboiae
836 2764 958 2851 smiles
966 2761 1054 2849 sunt,
1070 2791 1212 2863 quarum
1221 2794 1293 2839 axes
1303 2772 1492 2865 conjungati
1501 2760 1575 2843 sunt
1591 2773 1763 2869 proporti-

496 2864 640 2945 ontlet':
655 2866 817 2941 Parabtlae
836 2891 938 2952 vero,
952 2892 1097 2963 quarum
1113 2872 1335 2963 aequationem
1352 2866 1481 2943 nonnisi
1504 2890 1569 2941 utta
1592 2872 1760 2965 quantitac

496 2966 673 3058 consitos,
689 2968 814 3067 nempe
831 2992 1032 3066 parameter,
1059 2971 1255 3063 ingreditur,
1270 2995 1386 3043 omnes
1402 2975 1488 3043 inter
1497 2960 1527 3045 se
1544 2962 1757 3043 hmiietsunt.

412 3158 420 3171 .
492 3062 785 3170 &emplumhoc
796 3070 919 3168 aliquid
929 3068 1341 3171 fingularehabet,nempe
1350 3070 1442 3170 quod
1456 3068 1757 3166 genusinferiutdt

455 3182 460 3189 '
491 3162 1296 3281 speciesingredian'turhypothesintheorematis
1306 3175 1479 3266 genet-iiie,
1493 3174 1549 3246 eth
1564 3174 1755 3248 indetermi·

493 3302 584 3353 nate.
639 3278 773 3351 Etenim
783 3271 863 3346 dum
880 3268 1092 3372 supponitur,
1100 3266 1180 3344 duas
1195 3274 1642 3371 curvasolgebraictsetdem
1650 3301 1757 3372 tequa-

494 3382 593 3455 tione
612 3378 868 3479 comprehendi,
883 3366 1025 3453 sumitur
1043 3374 1172 3477 utique,
1211 3368 1302 3480 quod
1324 3378 1386 3452 sint
1401 3380 1550 3477 ejusdem
1566 3402 1635 3450 noti
1651 3375 1756 3450 modo
1849 3452 1869 3475 ..

419 3488 424 3498 “
491 3484 651 3577 generis,
671 3486 906 3554 verumetiam
925 3482 1071 3579 ejusdem
1089 3480 1228 3575 speciei:
1253 3507 1439 3555 nontamen
1451 3481 1756 3568 determinatutge·

492 3608 572 3671 true,
579 3609 690 3681 neque
699 3578 841 3682 speciem
868 3608 987 3655 tetum
1003 3590 1038 3655 iii
1051 3582 1175 3657 casibus
1190 3576 1384 3679 specialibus
1398 3606 1503 3675 genus
1525 3578 1755 3748 quodcunque

492 3684 532 3757 dt
550 3678 790 3783 subeospeciet
807 3710 1014 3783 quecunque
1027 3680 1111 3756 sumi
1128 3682 1253 3784 potest,
1266 3687 1444 3785 praediciio
1462 3680 1560 3756 silvo.
1612 3682 1687 3750 Con
1706 3676 1753 3749 ui·

490 3784 940 3879 mmigiturttobitvidetur,
956 3778 1147 3883 sequentem
1164 3785 1283 3860 addere
1296 3780 1574 3887 propositionem.
1589 3783 1751 3853 Piumer·

490 3912 551 3961 em
576 3886 617 3977 lt,
634 3886 756 3985 quibus
771 3882 911 3985 praesent
929 3878 1126 3977 illustratur,
1151 3886 1389 3962 desiderantem
1407 3884 1447 3957 ad
1469 3884 1571 3981 Ifitact'
1587 3887 1748 3958 Bon-onii

487 3914 677 4065 lediones
687 3989 954 4060 Geometricat&
971 3984 1107 4083 quidem
1120 3988 1234 4084 leib4
1260 3990 1325 4083 ἃς.
1341 4017 1374 4090 p.
1394 4012 1450 4079 29.
1466 3988 1499 4061 dt
1518 3982 1604 4085 seqq.
1619 3984 1747 4076 ablega·
1802 4038 1809 4049 ,

410 4108 417 4118 ·
484 4090 839 4178 ιιιωιδίῦεοπιεῑτα
851 4087 1130 4187 prestantisstmuo
1142 4117 1180 4163 et
1197 4089 1390 4164 definitione
1403 4094 1550 4183 genetict
1565 4107 1747 4163 curvarum

487 4190 726 4289 generalitas-t
733 4180 958 4287 symptomata
976 4192 1009 4259 iit
1026 4196 1123 4263 certis
1137 4192 1379 4291 hypothesibus
1395 4194 1434 4263 dc
1450 4193 1561 4263 curvis
1575 4196 1608 4263 in
1624 4208 1747 4283 genere

429 4310 442 4355 ¹-
488 4290 709 4379 demonsiret,
725 4317 799 4385 quae
813 4292 853 4363 ab
876 4292 1029 4392 Apollonio
1046 4290 1087 4364 de
1110 4292 1246 4386 singuiis
1265 4289 1464 4369 sessionibus
1475 4291 1637 4386 sigillatim
1656 4288 1689 4358 bt
1706 4281 1746 4353 ab

486 4392 620 4471 aclide
633 4392 675 4467 de
690 4395 818 4465 circuio
831 4398 865 4463 in
876 4392 992 4463 iisdem
1002 4395 1245 4493 hypothesibus
1258 4390 1354 4468 suere
1370 4394 1603 4467 demonstrata.
1626 4387 1748 4491 Exem-

487 4494 661 4597 plttisiain
672 4490 886 4593 philosophia
901 4493 1011 4565 nostra
1024 4520 1213 4591 occurrent,
1237 4523 1309 4598 quae
1327 4495 1434 4575 leesor
1448 4488 1746 4587 attentus&Logi·

488 4600 672 4701 πρώτω
684 4592 963 4671 haiddifficulter
978 4595 1142 4689 agnoscet.

1001 4734 1029 4824 s·
1093 4726 1178 4849 23'9.

591 4870 1879 5093 tt·qoitnotduofitgulariospeciertnstbdoesttgetqpspatis
