4834 5634
1883 855 2552 999 philossphico.
3316 870 3341 931 ·'
3369 866 3506 1009 73

855 1105 1018 1197 per
1042 1078 1489 1166 antecedens
1505 1082 1619 1191 (§.
1644 1080 1872 1189 120.).
1987 1078 2073 1164 In
2100 1081 2574 1195 sequentibus
2605 1087 2799 1172 adeo
2828 1116 3116 1174 vocum
3145 1091 3352 1175 idem
3369 1094 3514 1176 ess'e

872 1200 1094 1285 debet
1124 1197 1628 1307 fignificatus,
1684 1203 1820 1309 qui
1849 1196 2085 1281 fuerat
2116 1204 2193 1281 in
2225 1204 2846 1314 praecedentibus:
2904 1206 3080 1291 alias
3114 1212 3316 1290 enim
3349 1210 3514 1293 fieri

865 1344 1036 1400 non
1062 1316 1304 1425 potest
1334 1343 1477 1425 per
1512 1313 1719 1423 leges
1752 1321 1923 1398 artis
1955 1321 2449 1404 ratiocinandi
2478 1328 2557 1402 in
2575 1318 2874 1429 Logica
2892 1324 2999 1431 (§.
3019 1328 3197 1431 346.
3218 1323 3294 1407 ἃ
3311 1326 3509 1437 iqq.)

857 1432 1281 1538 tradendas,
1297 1452 1387 1544 ut
1401 1429 1967 1541 propofitioncs
1984 1438 2389 1524 anteriores
2405 1436 2916 1547 ingrediantur
2933 1440 3508 1527 demonstratio·-

861 1569 995 1634 nes
1026 1550 1573 1661 posteriorum.
1609 1595 1616 1612 =
2474 1553 2483 1565 '

1072 1669 1140 1736 Si
1155 1668 1304 1765 quis
1321 1689 1610 1737 omnem
1629 1663 1953 1755 Logicam
1989 1662 2302 1736 habuerit
2318 1660 2754 1765 perspestam,
2770 1692 2848 1740 ut
2867 1672 3264 1745 methodum
3287 1670 3504 1762 philo—

963 1760 1306 1866 sophicim
1320 1770 1640 1842 intimius
1674 1758 2047 1865 perspiciat,
2066 1787 2265 1865 atque
2295 1763 2440 1867 ipso
2475 1765 2654 1841 fasta
2684 1772 2963 1846 eandem
2994 1773 3110 1845 {ibi
3139 1776 3502 1849 reddiderit

967 1870 1350 1957 clariorem3
1396 1874 1453 1941 is
1489 1866 1877 1942 evidentius
1922 1871 2287 1965 percipiet,
2338 1892 2665 1965 quantum
2699 1870 3133 1947 inconstantia
3174 1874 3497 1975 loquendi

980 1970 1303 2046 methodo
1329 1957 1830 2070 philosophice
1843 1990 2194 2067 repugnet.
2295 1972 2500 2046 Nihil
2518 1973 2832 2073 equidem
2851 1982 3276 2051 communius
3293 1977 3385 2051 cst
3404 1980 3503 2051 lo-

995 2068 1249 2166 quendi
1268 2069 1730 2159 inconstantia,
1783 2064 1893 2144 sed
1933 2070 2109 2143 nihil
2140 2096 2414 2171 quoque
2442 2080 2828 2177 experimur
2859 2102 3176 2151 accuratae
3205 2076 3494 2180 philoso-

1009 2169 1268 2270 phandi
1295 2172 1602 2248 methodo
1629 2175 1851 2265 magis
1880 2169 2246 2247 adversum.

2062 2360 2080 2377 .
2188 2322 2353 2404 144.

1159 2408 1366 2497 Hinc
1392 2407 1897 2524 consequitur,
1906 2412 1987 2517 st
2000 2298 2138 2531 ger
2153 2412 2690 2517 inconstantiam
2715 2412 3037 2531 loquendi
3052 2424 3234 2499 vocis
3256 2422 3490 2517 cajus·
3523 2451 3748 2522 l'ocum
3773 2484 3815 2525 a

881 2527 1046 2614 dam
1056 2527 1608 2651 std'qaficatusfit
1637 2554 1865 2647 vagus
1884 2528 1977 2617 <5
1996 2524 2588 2615 indeterminatus
2605 2592 2630 2631 ,
2659 2538 2737 2612 in
2756 2529 2886 2645 phe·
2909 2530 3180 2648 Ofipht'a
3209 2562 3363 2614 eum
3397 2539 3894 2646 adstgmstcatu·

865 2643 1419 2731 dem-mnarum
1447 2640 1697 2728 reduc!
1730 2641 1995 2729 debere.
2109 2642 2194 2727 In
2219 2644 2706 2756 philosophia
2737 2648 3092 2757 equi-:lem
3121 2675 3162 2730 a
3185 2669 3489 2757 recepto
3518 2676 3678 2749 vago
3718 2656 3815 2730 αι’

857 2759 1277 2874 significatu
1324 2753 1747 2843 verborum
1790 2787 1951 2843 non
1995 2762 2100 2844 est
2132 2762 2638 2845 recedendum
2683 2765 2806 2871 (§.
2846 2767 3047 2873 142.)
3067 2830 3092 2868 ,
3143 2787 3364 2876 atque
3395 2762 3490 2846 fic
3502 2750 3719 2839 fixum
3757 2786 3854 2832 re-

853 2879 1296 2963 retinendus
1329 2877 1637 2972 videtur
1665 2874 2109 2986 fignificatus
2137 2905 2369 2986 vagus
2405 2880 3120 2963 &indeterminatus
3137 2946 3159 2985 ‚
3193 2880 3327 2964 ubi
3360 2881 3494 2962 usu
3517 2853 3747 2932 d‘ff'b·

859 2994 1088 3082 fuerit
1117 3014 1499 3107 receptus.
1613 2988 2037 3075 Enimvero
2072 3000 2151 3074 iu
2182 2994 2450 3079 eadem
2480 2996 2963 3108 philosophia
2998 2999 3340 3080 constans
3357 2995 3500 3079 effe

881 3111 1086 3196 debet
1113 3113 1478 3218 ejusdem
1493 3112 1712 3193 vocis
1743 3106 2187 3217 fignificatus
2207 3114 2549 3225 (§.143,),
2566 3114 2910 3225 adeoque
2942 3112 3504 3216 determinatuS,

877 3255 1026 3313 non
1053 3256 1350 3340 vagu8‚
1386 3224 1929 3336 constquentcr
1960 3225 2048 3308 ab
2081 3217 2567 3311 in'constantia
2597 3227 2958 3342 loquendi
2994 3234 3508 3313 communiter

873 3367 1164 3458 recepta
1196 3342 1741 3438 recedendum.
1851 3338 2287 3456 Utrumque
2322 3374 2504 3427 cum
2534 3346 2698 3427 fieri
2729 3368 3087 3459 nequeat,
3144 3346 3358 3458 quod
3391 3372 3507 3427 re-

866 3483 1161 3578 pugnat
1187 3488 1323 3572 per
1357 3457 1931 3541 inconstantiam
1961 3457 2324 3572 loquendi
2344 3465 2518 3543 voci
2550 3463 2802 3545 eidem
2819 3462 3165 3570 tantisper
3182 3466 3504 3543 variatos

866 3579 1212 3664 tribuere
1238 3574 1728 3684 fignificatus,
1796 3576 1871 3657 ἃ
1903 3576 2110 3658 miss'a
2141 3574 2503 3688 loquendi
2539 3579 3027 3660 inconstantia
3057 3578 3310 3658 eidem
3341 3577 3504 3658 fixo

871 3694 1319 3807 fignificatui
1367 3690 1773 3787 inhaerere;
1847 3691 2027 3776 ideo
2056 3696 2409 3802 exceptio
2445 3693 2610 3775 fieri
2642 3692 2864 3776 debet
2893 3696 2984 3776 ab
3019 3691 3362 3777 alterutra
3395 3720 3519 3773 re·-

878 3811 1072 3924 gula.
1285 3812 1603 3892 uoniam
1650 3809 1731 3887 in
1774 3807 1930 3892 hoc
1975 3809 2142 3891 casu
2174 3814 2389 3891 vocis
2424 3806 2913 3917 fignificatus,
2985 3830 3068 3891 ut
3102 3806 3184 3891 fit
3215 3832 3460 3893 certus
3485 3874 3511 3910 ,

877 3943 1217 4014 accurata
1298 3925 1693 4008 efinitione
1720 3924 2207 4033 explicandus
2240 3926 2636 4035 (§.116.),
2691 3926 2940 4010 nullus
2987 3924 3168 4009 hinc
3197 3927 3513 4010 nascitur

879 4044 1014 4131 nifi
1047 4040 1315 4128 lestori
1350 4046 1687 4144 incaute,
1718 4043 1812 4124 ad
1846 4042 2324 4125 definitiones
2358 4048 2724 4125 nimirum
2755 4044 3057 4127 traditas
3091 4071 3249 4126 non
3281 4065 3515 4126 atten-

877 4160 1240 4271 t0‚sensus
1253 4157 1681 4267 ambiguus.
1796 4154 2195 4281 Qoniam
2212 4186 2396 4240 vero
2414 4157 2778 4272 loquendi
2796 4161 3278 4243 inconstantia
3299 4188 3336 4241 a
3359 4187 3517 4240 mc-

884 4280 1143 4366 thodo
1189 4274 1715 4386 philolbphica
1760 4275 2064 4384 prorsus
2110 4272 2466 4360 abhorret
2498 4279 2606 4386 (§.
2629 4302 2781 4387 143·
2806 4295 2881 4370 );
2934 4276 3112 4360 ideo
3161 4280 3514 4384 exceptio

894 4402 1044 4484 fieri
1078 4392 1302 4478 debet
1332 4420 1377 4475 a
1407 4389 1669 4500 regula
1697 4396 1962 4501 priori,
1995 4421 2155 4504 quae
2185 4414 2576 4503 receptum
2608 4396 2826 4477 usum
2858 4393 3223 4506 loquendi
3241 4412 3512 4475 tuetur.

896 4513 1365 4626 significatus
1418 4510 1615 4591 adeo
1664 4536 1897 4616 vagus
1930 4509 2005 4591 ἀ
2046 4508 2663 4596 indeterminatus
2694 4512 2790 4595 ad
2823 4510 3405 4593 determinatum
3437 4506 3515 4587 ἃ

895 4634 1124 4716 fixum
1152 4629 1261 4712 est
1293 4626 1794 4709 reducendus,

1087 4754 1188 4820 De
1216 4741 1404 4842 stylo
1434 4736 1915 4842 philosophico
1946 4764 2106 4812 cum
2132 4743 2426 4835 agimus,
2468 4734 2664 4813 usum
2696 4763 2948 4813 vocum
2968 4796 2986 4829 ,
3038 4762 3238 4837 quem
3271 4739 3521 4833 Logica

1005 4841 1370 4949 prescribit,
1387 4841 1807 4944 potissimum
1835 4843 2262 4917 intendimus.
2358 4840 2827 4944 Qamobrem
2857 4838 3255 4943 pertrastata
3269 4844 3527 4935 Logica

1011 4976 1135 5027 non
1165 4949 1383 5024 modo
1414 4946 1699 5021 clariora
1716 4944 2018 5039 evadent,
2036 4970 2184 5048 quae
2206 4950 2279 5023 in
2296 4943 2432 5022 hoc
2447 4940 2738 5022 discursu
2768 4944 3207 5047 praeliminari
3235 4944 3318 5017 de
3347 4942 3524 5040 stylo

1011 5161 1022 5170 ο
1108 5048 1362 5143 (ll-'alfii
1379 5054 1638 5150 Logica)
2469 5052 2529 5122 K
3292 5044 3518 5147 Philo.
