4834 5634
653 546 756 689 176
831 479 1031 652 Parnl.
1048 534 1232 647 null.
1258 536 1466 672 CaulII.
1499 540 1580 646 De
1596 528 1681 669 ufir
1698 567 1864 653 vorum

656 797 766 859 notas
782 767 1007 853 sufficientes
1022 768 1069 849 ad
1086 788 1166 845 rem
1192 762 1233 843 in
1257 760 1349 844 llatu
1373 757 1546 873 quolibet
1570 766 1845 873 agnoscendam
1863 771 1902 853 dr
1918 771 1968 858 ab

657 886 738 974 aliis
754 885 1054 993 distinguendam
1082 876 1243 989 (§.92.)‚
1273 905 1409 989 easque
1424 898 1534 963 notas
1561 882 1632 963 ase
1652 886 1816 969 invicem
1839 889 1969 971 dillin-

659 1009 742 1115 guit
769 1007 825 1112 (p,
841 1003 942 1108 88.)
999 992 1147 1120 Quodsi
1167 1016 1276 1077 notas
1295 992 1400 1075 alteri
1414 1016 1635 1079 enumerare
1649 993 1779 1101 valeat,
1808 1000 1970 1111 lingulas

660 1110 768 1205 notas
785 1120 956 1199 terminis
970 1110 1120 1219 singulis
1137 1109 1310 1191 discernit
1325 1110 1376 1221 (i.
1391 1109 1476 1217 36.)
1492 1112 1665 1223 adeoque
1672 1142 1809 1199 eorum
1817 1117 1887 1201 usu
1898 1146 1972 1203 no-

663 1243 813 1320 tionem
828 1232 949 1313 redlit
965 1228 1250 1309 determinatam
1267 1226 1304 1305 dr
1320 1226 1682 1309 communicabilem
1710 1236 1765 1341 (ς.
1775 1235 1903 1342 124),
1928 1258 1973 1319 ut

665 1377 746 1435 non
763 1349 888 1431 modo
902 1344 967 1454 ipfi
984 1338 1220 1453 perspedlum
1235 1338 1297 1442 fit,
1324 1361 1513 1455 quomam
1536 1344 1684 1450 praecise
1713 1368 1810 1431 notae
1840 1354 1974 1435 notio-

663 1492 754 1552 nem
767 1468 934 1546 termino
951 1461 1042 1541 dato
1064 1456 1351 1564 respondentem
1380 1454 1638 1563 ingrediantur
1672 1460 1880 1575 (§,123.);
1904 1494 1974 1549 ve.

663 1610 752 1667 rum
766 1585 880 1662 etiam
896 1578 1047 1659 easdem
1063 1568 1292 1654 notasalteri
1314 1576 1355 1651 in
1378 1576 1606 1655 memoriam
1631 1599 1808 1661 revocare
1833 1574 1975 1686 valeat,

664 1699 728 1785 cui
744 1725 797 1778 err
810 1698 947 1804 pariter
988 1684 1185 1799 perlpcdlae
1214 1684 1297 1768 sunt
1320 1710 1365 1771 ae
1388 1684 1472 1769 noti
1486 1690 1639 1772 termini
1655 1692 1748 1801 ipsas
1763 1688 1973 1804 fignifican-

663 1833 720 1898 tes
737 1814 790 1921 (b.
808 1810 917 1915 116.)t
943 1804 989 1888 Τ
991 1809 1142 1887 ermino
1154 1801 1251 1883 adeo
1270 1798 1498 1911 respondens
1519 1810 1631 1889 notio
1653 1805 1767 1893 ardis
1786 1810 1975 1899 limitibus

663 1924 934 2036 comprehensa
975 1923 1152 2003 invariata
1172 1915 1345 2022 subsistit,
1380 1914 1555 2031 adeoque
1576 1928 1761 2009 terminus
1779 1929 1857 2039 ipse
1871 1930 1977 2015 fixus

663 2042 927 2155 est(§.129.),
952 2029 1555 2141 seufirumhabettignificatum,
2027 2035 2035 2050 ’

767 2162 850 2229 Haec
865 2150 963 2239 sane,
983 2152 1125 2225 nonalia
1137 2140 1822 2237 rarioestcurrerminitdarhemarieorum
1829 2149 1969 2232 lintizi.

717 2264 760 2331 Fi
779 2248 1084 2351 uraordr‘nataiplis
1097 2251 1236 2337 dicitur,
1262 2272 1336 2347 qua
1349 2248 1537 2348 aequilateri
1553 2251 1590 2325 dr
1603 2256 1977 2353 aequianguladiuabut

718 2278 1976 2459 hilcenotisrbsolvrturnotio,quarumumquaeliberpropriosuorermtno

721 2459 887 2552 indignari
896 2449 979 2529 iuer
987 2452 1043 2527 fixi
1049 2462 1173 2555 pariter
1182 2450 1399 2547 fignificarue

1250 2562 1281 2649 §.
1341 2584 1409 2635 11.

788 2673 827 2759 u·
848 2676 926 2791 quit
941 2698 1116 2757 cumuoce
1127 2668 1260 2790 jungit
1273 2580 1447 2755 atridam
1469 2667 1669 2781 obſsuram,
1702 2670 1764 2759 oe!
1773 2672 1976 2789 confisim,

664 2794 722 2877 rui
736 2788 877 2910 aliquid
889 2786 1039 2892 drslmiii
1079 2786 1315 2891 admittetur,
1349 2786 1506 2881 aatssin
1525 2817 1567 2871 re
1590 2818 1650 2873 corr
1670 2790 1727 2901 ψ
1728 2814 1903 2913 percepta
1916 2790 1975 2877 dr·-

600 2885 639 2934 a‘
657 2904 781 3014 simile
792 2899 1037 3020 perceptibilia
1053 2902 1179 3006 ofin,
1207 2908 1355 2985 termini
1367 2901 1458 3021 fignr'
1484 2928 1581 2986 catus
1596 2931 1710 3020 vagus
1725 2905 1781 3007 est.
1841 2908 1976 2997 Notio

666 3029 769 3107 enim
786 3015 941 3103 obscura
957 3046 1037 3101 non
1052 3020 1105 3100 est
1120 3020 1363 3101 determinata
1390 3022 1446 3127 (§.
1464 3020 1578 3125 nn),
1594 3022 1766 3133 adeoque
1781 3050 1853 3108 nec
1867 3022 1976 3134 figni.

667 3144 801 3225 ficatus
814 3140 965 3220 temrini
982 3163 1065 3216 eam
1089 3134 1303 3217 denotantis
1327 3134 1593 3217 determinatus
1628 3136 1679 3217 est
1710 3138 1772 3247 (§.
1788 3143 1847 3249 36.
1860 3144 1906 3249 )‚
1932 3166 1976 3231 ut

669 3255 766 3342 adeo
781 3256 820 3336 in
837 3252 906 3336 usu
921 3253 1073 3333 termini
1096 3254 1229 3332 variari
1244 3253 1358 3331 notio
1384 3272 1497 3361 queat
1519 3250 1760 3337 admiscendo
1785 3262 1887 3341 notis
1912 3264 1976 3341 in-

666 3370 934 3459 lirfficientibus
948 3364 1007 3479 (d.
1025 3371 1114 3474 80.)
1141 3369 1376 3476 peregrinas,
1404 3393 1484 3479 qua
1501 3394 1550 3448 ex
1565 3394 1608 3448 ca
1623 3368 1774 3453 exulare
1782 3372 1977 3460 debebant.

668 3488 884 3572 Terminus
898 3486 995 3565 adeo
1009 3488 1209 3566 notionem
1218 3480 1414 3565 obscuram
1423 3482 1728 3591 denotansvagus
1737 3488 1789 3569 est
1798 3490 1845 3600 (t.
1856 3492 1974 3599 129.).

667 3595 710 3686 Si
726 3608 810 3715 quis
826 3630 915 3683 curn
931 3625 1028 3683 voce
1043 3597 1164 3705 jungit
1187 3601 1387 3681 notionem
1422 3594 1637 3702 consulitur,
1667 3606 1731 3682 cui
1753 3608 1895 3717 aliquid
1916 3610 1976 3692 di-

670 3717 793 3802 ainai
809 3714 1052 3819 admiscetur,
1089 3734 1152 3797 aut
1168 3710 1194 3797 fi
1209 3720 1249 3796 in
1292 3737 1334 3794 rc
1355 3708 1514 3795 confuse
1535 3735 1709 3823 percepta
1733 3720 1841 3805 insint
1875 3748 1976 3836 qur.

669 3832 758 3919 dam
774 3827 944 3916 dillinele
959 3826 1239 3941 perceptibilia,
1274 3834 1386 3913 notio
1407 3833 1574 3913 termino
1597 3830 1794 3918 tribuenda
1816 3837 1976 3929 subinde

667 3952 799 4034 variari
815 3942 908 4033 solet
935 3942 985 4059 (l.
1005 3952 1130 4054 128),
1153 3970 1265 4060 atque
1278 3946 1375 4029 adeo
1390 3949 1575 4031 terminus
1589 3966 1652 4030 aut
1667 3950 1797 4063 (quod
1816 3961 1979 4067 perinde

666 4068 741 4178 est)
770 4064 990 4176 fignificatus
1008 4060 1118 4173 ipsius
1132 4092 1249 4173 vagus
1266 4064 1317 4167 cll
1340 4060 1400 4175 (d.
1420 4064 1535 4172 129.),

769 4178 931 4280 Exempla
948 4180 1056 4253 ubivis
1073 4181 1168 4253 obvia
1185 4176 1272 4253 lunt.
1323 4181 1479 4277 Plerique
1493 4184 1585 4255 enim
1604 4172 1789 4251 hodienum
1812 4186 1973 4261 terminis

717 4306 860 4360 utuntur
876 4286 985 4377 ragis,
997 4281 1022 4355 li
1038 4282 1297 4357 Mathematicus
1312 4284 1466 4383 excipiar.
1516 4280 1672 4381 Exempli
1684 4280 1764 4353 loco
1781 4280 1846 4359 elle
1861 4292 1975 4388 potest

713 4408 780 4462 vox
792 4382 929 4463 arundus
941 4387 1022 4471 orat,
1036 4391 1067 4469 ς.
1084 4386 1178 4475 129).

425 4597 561 4700 Qando
772 4595 816 4681 δι’
828 4604 983 4689 remim
994 4590 1146 4721 quadan
1159 4485 1285 4689 mall
1311 4508 1480 4710 telludem,
1504 4622 1584 4687 earn
1617 4622 1682 4688 rm
1713 4602 1806 4709 liris
1839 4603 1973 4691 inretit-

1876 4747 1970 4841 gere

496 3018 506 3039 ι*
