4834 5634
703 378 766 483 io
1058 356 1245 510 ann
1273 328 1671 511 oeratnso'pan

755 593 973 698 philosophia
995 597 1242 673 constituuntur
1265 601 1398 675 limitet.
1489 599 1580 671 undsr
1597 599 1693 673 ditiis
1713 598 1889 697 quidpiam
1907 600 2020 673 adhuc

629 800 635 809 .
674 786 677 791 Ι
755 695 1145 900 ppspprptpplsattpdhcrcrlc
1160 702 1329 793 videatur,
1355 727 1428 777 eam
1446 700 1480 771 di
1495 702 1623 801 pellent
1638 702 1791 800 exempla
1806 725 1881 777 ante
1894 724 1956 774 not.
1969 708 2017 795 (ς.

1286 904 1318 1012 §-
1372 905 1431 1010 36·

471 1072 667 1169 Quocirca
838 1056 975 1168 Qodfi
984 1058 1116 1138 limites
1132 1058 1225 1135 diua
1246 1062 1382 1138 ratione
1405 1056 1679 1161 constituantur,
1714 1063 1869 1159 cognitio
1884 1053 2026 1159 histori-

471 1174 674 1274 gm'ts‘lh'sts
711 1212 751 1265 ca
773 1182 817 1261 θ’
840 1178 1085 1259 anathematio
1116 1202 1185 1253 uon
1215 1171 1324 1252 turbu
1348 1179 1539 1249 veritatum
1565 1178 1606 1249 in
1624 1168 1854 1273 philosophia
1880 1198 2021 1252 nexum·

472 1286 543 1350 rica
561 1276 674 1398 &fna-
713 1296 820 1383 Cum
841 1298 881 1375 in
900 1287 1143 1399 philosophia
1166 1290 1299 1367 veritas
1323 1310 1395 1366 una
1419 1311 1465 1364 cx
1490 1281 1601 1364 altera
1625 1283 1872 1367 demonstrari
1891 1284 2025 1367 debeat

474 1379 648 1452 ’Μῶα
713 1416 766 1522 (ς.
781 1436 843 1516 29.
861 1435 922 1517 30.
939 1416 977 1508 i,
1005 1406 1156 1506 omnia,
1188 1430 1269 1517 qua
1293 1406 1333 1481 in
1350 1426 1392 1480 ea
1405 1399 1614 1503 traduntur,
1631 1406 1818 1485 continuo
1834 1430 1939 1485 nexu
1957 1428 2024 1483 co·

474 1503 591 1553 tremam
611 1484 648 1546 in

469 1572 665 1680 philosophia

473 1674 662 1757 nonturbat.

712 1525 834 1640 pulari
847 1524 996 1607 debent.
1063 1514 1212 1641 Qodsr
1243 1515 1382 1597 limites
1417 1512 1516 1595 dicia
1557 1518 1701 1596 ratione
1736 1522 2025 1619 constituantur²

714 1674 740 1727 1.
757 1645 929 1749 cognitio
940 1632 1420 1743 historicaprincipiasirma
1430 1629 1566 1741 prabet
1582 1636 1860 1741 atquer'mnrota
1871 1637 1921 1742 (ᾗ.
1932 1638 2022 1741 35).

709 1757 978 1885 Qamobrenr
1019 1779 1109 1835 cunt
1138 1771 1353 1830 ceterorum
1387 1748 1474 1829 inde
1505 1751 1600 1829 ratio
1625 1746 1799 1831 reddatur
1830 1752 1888 1860 th
1916 1775 1971 1831 10.
1984 1770 2022 1851 );

708 1900 832 1961 cetera
856 1899 947 1957 cunt
970 1866 1072 1950 hisce
1095 1867 1289 1973 principiis
1313 1861 1503 1943 cohaerent
1527 1925 1539 1964 ,
1580 1889 1703 1973 neque
1726 1863 1823 1946 adeo
1847 1868 2022 1971 cognitio

708 1992 889 2077 historica
910 2012 1054 2069 nexunt
1076 1984 1116 2061 in
1132 1976 1375 2088 philosophia
1403 1977 1481 2059 hoc
1505 1981 1545 2055 in
1568 1977 1651 2059 casir
1674 1976 1807 2061 turbat.
1895 2006 1929 2063 2.
1958 1972 2024 2061 Ex

707 2108 841 2190 eadem
857 2106 1008 2187 ratione
1032 2098 1205 2205 cognitio
1230 2092 1403 2183 historica
1427 2086 1598 2175 exainina
1620 2094 1848 2205 suppeditat,
1878 2094 2024 2208 'quibus

711 2222 924 2321 deciditur,
961 2242 982 2299 a
1006 2215 1160 2294 veritate
1184 2236 1264 2290 non
1289 2206 1360 2289 elle
1384 2207 1524 2315 aliem,
1558 2236 1640 2319 qua
1655 2238 1723 2319 per
1739 2212 1901 2297 'rationes
1915 2200 2022 2315 suero

710 2334 961 2423 demonstrata
995 2326 1057 2437 (β.
1074 2352 1129 2435 35.
1138 2327 1171 2432 )
1238 2319 1506 2449 Qamobrcnt
1520 2316 1620 2407 cunr
1645 2326 1709 2407 ista
1733 2332 1905 2409 examina
1929 2354 2021 2413 cum

704 2444 1050 2569 propositionibus,
1094 2467 1253 2553 quarunt
1283 2443 1416 2545 veritas
1440 2444 1486 2523 iis
1510 2440 1776 2548 confirmatur,
1799 2470 1880 2527 non
1897 2445 2021 2529 motlo

706 2571 841 2656 eadem
855 2569 1000 2648 ratione
1014 2556 1240 2659 cohaereant,
1247 2583 1321 2669 qua
1330 2555 1666 2641 demonstrationes
1682 2584 1812 2641 earum
1827 2588 1919 2643 cum
1936 2558 2020 2671 ipsts

705 2681 1003 2773 contrastantum
1040 2702 1173 2756 verunt
1197 2677 1312 2755 etiarn
1325 2670 1491 2783 ipsamet
1512 2700 1560 2755 cx
1576 2674 1813 2779 veritatibus,
1852 2704 1933 2787 quae
1953 2674 2019 2761 sub

705 2800 886 2893 incudem
905 2790 1146 2893 revocanda,
1171 2786 1408 2871 deducuntur
1425 2788 1462 2871 dt
1478 2818 1568 2871 cunr
1584 2789 1844 2873 demonstratis
1862 2789 2021 2875 co'nscn-

704 2926 825 3011 tiuut3
868 2908 996 2995 multis
1010 2908 1094 2991 sanc
1111 2904 1238 2988 modis
1255 2930 1346 2989 cum
1363 2906 1498 2991 iisdem
1513 2902 1724 3011 cohaeront,
1760 2904 1932 3019 adeoque
1949 2936 2020 2993 ncc

704 3044 747 3125 in
770 3034 848 3117 hoc
869 3028 955 3113 casu
968 3026 1141 3131 cognitio
1166 3019 1343 3101 historica
1370 3048 1512 3105 nexum
1543 3024 1583 3101 in
1612 3018 1855 3132 philosophia
1884 3024 2017 3109 turbat.

704 3183 738 3265 3.
755 3148 934 3257 Denique
948 3140 974 3225 sr
990 3139 1128 3221 limites
1145 3132 1244 3217 diua
1262 3138 1405 3218 ratione
1422 3138 1718 3242 constituuntur,
1748 3144 1922 3245 cognitio
1941 3168 2017 3225 ma·

704 3266 907 3353 alternatica
928 3253 1099 3363 complet
1122 3253 1351 3335 evidentiam
1374 3255 1433 3362 (ᾗ.
1453 3255 1548 3359 35.)
1596 3254 1768 3365 adeoque
1792 3256 2019 3339 demonslrat'

706 3383 872 3481 clarius,
915 3378 1014 3457 circa
1040 3397 1121 3480 qua
1145 3366 1270 3449 adhuc
1294 3364 1487 3477 scrupulus
1510 3367 1643 3481 aliquis
1674 3368 1835 3453 suboriri
1871 3393 2020 3481 poterat

708 3503 772 3613 (n.
788 3494 883 3601 ap).
939 3484 1109 3571 Uberior
1132 3508 1226 3563 vero
1244 3480 1453 3567 &ulterior
1476 3483 1746 3567 demonstratio
1770 3512 1912 3569 nexum
1939 3517 2021 3593 non

706 3613 831 3701 turbat
846 3610 1070 3704 veritatum,
1102 3596 1165 3679 sed
1189 3621 1250 3679 eas
1267 3596 1413 3682 firmius
1430 3596 1583 3707 copulat
1599 3598 1637 3680 dt
1653 3600 1869 3682 veritatibus
1884 3610 2019 3689 ceteris

704 3728 830 3837 plures
853 3714 1056 3804 conncdlit.
1113 3708 1382 3835 Qamobrem
1405 3742 1475 3794 nec
1499 3719 1671 3821 cognitio
1699 3716 1962 3799 mathematica
1979 3725 2017 3799 in

705 3843 786 3924 hoc
800 3836 884 3921 casu
901 3833 1074 3943 impedit,
1090 3853 1169 3939 quo
1184 3831 1312 3913 minus
1325 3836 1365 3912 in
1380 3828 1623 3941 philosophia
1638 3830 1899 3941 pulcherrimo
1914 3860 2017 3917 nexu

706 3955 839 4039 omnia
855 3954 952 4031 inter
968 3947 1006 4029 sc
1019 3941 1242 4027 cohaereant.

814 4070 909 4137 Dum
924 4057 1051 4146 asserui,
1059 4054 1397 4133 demonstrationibus
1413 4058 1656 4137 mathematicis
1671 4064 1972 4157 augeriveritatum
1983 4070 2020 4141 in

753 4156 970 4266 philosophia
988 4179 1279 4235 concatenatarum
1302 4182 1501 4246 numerum,
1533 4190 1604 4237 non
1619 4166 1722 4239 modo
1739 4166 1922 4257 cogiundae
1942 4164 2021 4242 sunt

755 4268 1004 4361 veritatea,quae
1019 4285 1082 4361 pet
1098 4254 1398 4331 demonstrationes
1408 4261 1656 4339 mathematicas
1667 4258 2023 4365 ceterhsuperaddun·

701 4462 706 4469 .
757 4384 832 4449 ω’
857 4362 962 4437 veluti
977 4358 1069 4462 ‘lu0d
1083 4362 1121 4431 ³¹¹
1137 4355 1217 4432 ‘¹³1⁰
1232 4354 1306 4434 ⁰ssss
1322 4354 1478 4446 effestffl,
1502 4370 1561 4460 qui
1579 4366 1679 4441 alicui
1696 4362 1797 4441 causa
1814 4360 2030 4467 adscribitur,

701 4486 704 4491 .
761 4460 874 4549 udan
886 4460 1226 4565 sitptopottiontnu
1240 4462 1396 4565 (§.,27.)·,
1420 4482 1541 4545 vuum
1556 4474 1658 4545 enan
1674 4468 1747 4573 alin
1761 4466 2029 4583 plulosophioe,

1952 4598 2027 4677 quae
