4834 5634
670 501 781 653 stve
818 505 1152 615 Terminomm
1186 513 1322 615 circa
1354 517 1583 633 notiones.
1702 532 1802 665 171'

471 734 557 865 Qi
571 752 744 817 mentem
760 727 910 815 alterius
926 729 1121 842 intelligit,
1148 739 1181 820 is
1204 740 1329 822 audite
1353 770 1451 827 voce
1467 747 1626 831 eandem
1653 753 1782 832 notio-
1797 759 2025 856 mninccttps·

467 881 560 937 nem
587 853 753 933 excitare
773 846 893 953 velet,
927 855 1043 959 quam
1066 878 1157 934 cum
1180 880 1225 935 ea
1252 854 1445 941 eonnetiit
1470 859 1564 943 riter
1589 857 1876 972 (§.117.).m¹‘'¹·

465 966 600 1080 Quare
615 968 685 1078 qui
697 964 826 1047 nudior
872 990 970 1046 voce
991 962 1134 1050 nuliam
1157 996 1249 1051 cum
1290 998 1336 1053 ea
1379 979 1581 1061 notionem
1622 980 1779 1087 jungere

462 1084 589 1185 vaiet,
619 1085 653 1164 is
669 1099 841 1163 mentem
885 1076 1036 1162 alterius
1060 1106 1141 1163 non
1184 1082 1372 1193 intelligit.
1434 1086 1568 1173 Notio
1582 1092 1779 1203 deeeptrix

459 1205 574 1285 notio
590 1194 782 1298 audacti,
807 1193 870 1276 sed
884 1191 959 1276 fine
974 1215 1103 1277 mente
1117 1197 1231 1281 sonus
1246 1199 1302 1307 (§.
1320 1205 1426 1307 38),
1455 1206 1628 1319 adeoque
1651 1212 1778 1319 periu.
1835 1234 1845 1252 ··

458 1317 510 1400 de
526 1316 601 1417 est,
629 1309 704 1394 five
720 1314 925 1391 notionem
947 1307 1091 1392 nuttam
1113 1340 1205 1395 eum
1228 1342 1326 1399 vooe
1349 1318 1491 1425 prolata
1513 1326 1667 1431 jungas,
1700 1320 1776 1407 five

455 1432 727 1539 deceptricem.
797 1422 1065 1538 Qtemobrem
1101 1430 1143 1511 in
1179 1426 1259 1512 hoc
1307 1459 1463 1547 quoque
1489 1438 1576 1523 cnfit
1603 1457 1774 1529 mentem

463 1546 616 1631 alterius
630 1569 710 1625 non
725 1536 915 1649 intelligit.

579 1654 724 1785 Qodfi
738 1657 903 1767 denique
918 1658 1006 1767 quie
1021 1662 1222 1741 notionem
1244 1658 1442 1745 obscuram
1456 1694 1549 1748 cum
1572 1694 1669 1750 voce
1689 1672 1775 1770 jun-

467 1780 550 1883 git,
566 1778 599 1857 is
614 1800 695 1855 rem
706 1767 941 1881 ignificotam
954 1773 1157 1878 agnoscere
1182 1796 1292 1887 atque
1308 1776 1354 1860 ab
1377 1776 1459 1863 aliis
1476 1780 1682 1865 discernere
1698 1789 1773 1866 mi-

466 1896 579 1971 nime
595 1890 701 1970 novit
724 1887 895 1993 (teo),
922 1886 1098 1998 adeoque
1113 1894 1275 1995 ignoret,
1310 1919 1480 2002 quaemm
1493 1892 1535 1977 stt
1548 1923 1591 1977 ea
1606 1924 1771 2008 res,quae

461 2032 568 2089 voce
582 2004 647 2088 im
665 2000 891 2111 igniiieetur.
948 1997 1111 2085 Perinde
1139 2008 1255 2113 igitur
1295 2008 1349 2089 eii
1363 2033 1407 2090 ae
1421 2006 1448 2089 fi
1463 2007 1606 2091 nuilam
1619 2040 1712 2095 cum
1726 2041 1769 2095 ea

452 2147 558 2205 voce
572 2122 771 2205 notionem
786 2120 970 2229 jungeret,
986 2117 1160 2237 adeoque
1175 2120 1305 2205 denuo
1320 2141 1490 2205 mentem
1514 2121 1664 2209 alterius
1687 2153 1770 2211 nott

440 2234 637 2345 intelligit.

554 2354 595 2425 E.
603 2375 653 2446 gr.
663 2350 782 2447 Siquis
795 2345 889 2420 audit
904 2372 1023 2419 rocem
1036 2347 1163 2440 infinite
1175 2361 1292 2452 parui,
1317 2376 1386 2449 qua
1405 2372 1551 2425 utuntur
1572 2356 1765 2431 Geomettae

493 2457 718 2539 recentiores,
733 2473 909 2547 nunquam
923 2469 1036 2522 temen
1052 2448 1180 2536 didicit,
1196 2452 1278 2548 quid
1287 2476 1324 2524 ea
1338 2476 1422 2525 voce
1429 2450 1637 2529 inteliessum
1648 2457 1763 2543 rdine

497 2552 595 2633 itvel
610 2550 740 2626 nuliam
759 2549 1001 2647 eumeajungit
1015 2555 1299 2649 notionernttque
1315 2549 1762 2649 edeoegnoscitsementem

495 2660 768 2732 Geometrtmm
782 2654 922 2723 minime
937 2647 1127 2751 perspicere
1132 2680 1145 2743 ς
1167 2654 1223 2726 vel
1239 2680 1278 2727 ex
1299 2654 1509 2753 etymologia
1526 2658 1619 2729 vocis
1635 2654 1761 2733 formet

498 2756 561 2834 fibi
573 2760 753 2833 notionem
767 2751 934 2852 quandam
949 2750 1118 2843 oscorum,
1140 2753 1203 2827 uel·
1215 2756 1454 2855 deceptricem,
1490 2756 1581 2853 qutsr
1595 2757 1632 2831 fit
1649 2760 1759 2857 alique

495 2881 577 2961 part
592 2857 823 2931 determinate
851 2854 1091 2947 magnitudinis
1129 2882 1169 2929 er
1184 2855 1403 2931 determinata
1425 2856 1571 2955 qued-tm
1596 2858 1758 2935 divifione

490 2983 692 3056 emergens,
709 2978 809 3056 etque
825 2956 907 3027 adeo
923 2954 1278 3031 fibivideturmentem
1291 2962 1555 3034 Geomettarum
1563 2955 1755 3051 agnoscere,

489 3058 555 3135 etsr
567 3088 685 3135 revera
698 3052 1087 3151 eurdemnonrgnoscat,
1098 3056 1594 3161 eumistiusmodipatrinfinite
1607 3060 1756 3161 parvafit

494 3160 716 3266 impetibilis,
728 3184 827 3263 etque
843 3159 924 3232 hinc
940 3159 1034 3233 nuile
1048 3162 1080 3231 ei
1099 3164 1195 3234 notio
1212 3156 1420 3264 respondeat.

1035 3324 1044 3343 .
1099 3286 1180 3347 120.

609 3382 744 3497 Siquis
758 3371 887 3461 audita
909 3404 989 3462 vtce
1011 3279 1185 3460 duriorem
1204 3375 1316 3459 aliam
1336 3374 1426 3484 infi
1445 3384 1603 3482 excitat,
1636 3401 1745 3497 quant
1759 3384 1992 3479 Qudnam.

427 3519 516 3585 cum
530 3498 707 3613 adjungit
722 3490 837 3595 alter,
858 3499 1053 3577 ismenem
1072 3496 1148 3601 ejus
1165 3503 1348 3609 pervertit
1369 3495 1433 3576 seu
1449 3494 1587 3597 sentim
1607 3520 1743 3579 amen.
1760 3493 1830 3559 rius
1851 3518 1986 3577 mem

428 3636 470 3699 te
485 3616 570 3712 ejus
588 3608 741 3693 alienum
749 3606 874 3725 fingit.
956 3604 1038 3732 Qt
1053 3614 1157 3690 enim
1179 3604 1291 3693 eliam
1315 3636 1406 3691 cum
1428 3637 1527 3693 voce
1541 3610 1741 3693 notionem
1750 3603 1984 3691 mmm.

428 3730 691 3839 jungitquam
706 3720 817 3828 nitet,
861 3726 894 3807 is
910 3721 975 3806 srbi
995 3724 1119 3807 andita
1135 3750 1233 3807 voce
1255 3719 1368 3808 uliam
1411 3752 1493 3807 tem
1515 3720 1747 3835 representat

428 3844 494 3952 (5.
511 3866 576 3952 34.
577 3845 630 3952 )‚
659 3866 773 3953 quun
786 3866 830 3921 eu
846 3840 1000 3921 denotat
1027 3838 1119 3923 ulter
1144 3840 1198 3949 (p
1215 3845 1306 3947 37).
1374 3838 1481 3925 Voci
1504 3844 1600 3925 adeo
1617 3838 1749 3923 tribuit

429 3959 722 4074 fignificatumn
740 3975 867 4039 mente
882 3951 1032 4040 ulterius
1048 3954 1216 4039 alienum
1239 3955 1291 4064 (t.
1306 3958 1414 4065 36.),
1441 3954 1520 4043 hoc
1535 3957 1610 4060 est,
1641 3983 1746 4038 nten-

427 4099 510 4166 tem
527 4078 615 4179 eius
633 4074 823 4182 pervertit.

532 4194 572 4265 Ε.
580 4212 631 4284 gr.
641 4184 817 4261 Leibnitr'us
830 4210 911 4261 rote
929 4186 1050 4262 mundi
1062 4187 1197 4261 denotat
1211 4178 1352 4257 univers
1355 4210 1400 4257 nn
1415 4179 1530 4257 seriem
1541 4209 1665 4269 rerum,
1676 4206 1744 4279 qua

480 4289 628 4393 spatium
635 4314 672 4364 ac
679 4312 921 4389 tempusomne
928 4289 1088 4390 repletur.
1098 4290 1133 4361 si
1142 4288 1217 4384 quit
1232 4289 1267 4358 in
1286 4287 1464 4360 Theodt'caea
1480 4281 1682 4357 Leibm'tiarta
1697 4284 1743 4359 le·

486 4390 905 4488 genttoeemmundrcum
915 4388 1309 4466 eaeonnettitnntionem
1320 4391 1491 4487 compagis
1502 4407 1745 4481 corporumto-

485 4491 771 4569 ntunvetstatus
780 4485 1158 4590 pmsentie‚tutaiterius
1166 4494 1326 4588 preteriti
1336 4486 1556 4561 universitatis
1565 4488 1745 4562 rerumdm.

477 4590 963 4695 itroemnatufignifitttum
978 4594 1098 4769 tribup
1111 4617 1129 4664 a
1144 4614 1256 4666 mente
1272 4586 1590 4664 Lcidnitiiaiienum.
1643 4701 1662 4779 5

1132 4714 1154 4774 2
1663 4714 1739 4765 ,ιη
