4834 5634
626 560 732 673 194
948 516 1098 623 Part.
1116 510 1158 619 I.
1174 510 1287 617 Seii.
1307 506 1374 617 11.
1393 510 1499 647 Cap.
1515 508 1607 615 IV.

633 784 690 847 uo
704 751 862 836 definito
876 732 1075 851 respondet
1101 737 1245 843 (§.152.
1263 734 1297 843 ).
1356 732 1434 817 Sed
1448 762 1536 818 cum
1558 732 1646 815 alter
1670 752 1839 815 mentem
1868 756 1961 815 no-··

635 876 748 960 {tram
763 890 843 946 non
856 856 1050 961 intelligat,
1063 850 1130 933 nist
1144 851 1280 932 auditis
1302 849 1463 934 vocibus
1480 850 1629 959 easdem
1646 852 1685 928 in
1701 848 1738 928 se
1759 850 1942 929 notiones

635 988 801 1070 excitare
827 973 945 1075 valet,
968 996 1049 1079 quae
1065 994 1156 1049 cum
1173 968 1344 1046 terminis
1361 1028 1374 1069 ,
1402 992 1483 1073 quae
1499 962 1761 1045 definitionem
1778 962 1944 1069 ingredi-

637 1120 775 1201 untur,
790 1093 1071 1192 conjunguntur
1085 1079 1273 1187 (§.117.);
1289 1076 1439 1186 lingulis
1455 1082 1628 1161 nivariata
1643 1078 1866 1187 respondere
1880 1076 1947 1159 de-

637 1216 706 1299 bet
719 1214 843 1293 notio
897 1198 999 1283 Non
1015 1201 1129 1302 igitur
1145 1193 1330 1277 utendum
1347 1194 1446 1275 estin
1461 1193 1682 1275 definitione
1696 1196 1868 1277 terminis
1880 1188 1948 1279 nii

639 1325 800 1433 axau.
816 1319 942 1425 129·)·
1339 1424 1347 1441 ,

815 1432 940 1517 Porro
956 1424 1219 1509 definitionem
1234 1420 1456 1505 conditurus
1470 1446 1686 1505 enumerare
1701 1416 1812 1503 debet
1826 1438 1950 1525 notas,

644 1573 744 1670 quot
759 1551 807 1633 ad
820 1574 903 1630 rem
919 1542 1112 1623 definitam
1125 1535 1397 1646 agnoscendam
1420 1555 1530 1645 atque
1550 1536 1595 1619 ab
1620 1536 1699 1617 aliis
1721 1536 1954 1643 distinguen-

647 1674 738 1755 dam
753 1665 942 1747 sufficiunt
954 1656 1006 1763 (b
1024 1682 1099 1767 153.
1116 1657 1156 1762 )‚
1182 1650 1356 1764 adeoque
1368 1648 1537 1761 proferre
1561 1654 1766 1756 terminos,
1781 1678 1866 1763 quae
1883 1674 1955 1733 no-

643 1790 699 1871 tis
714 1783 791 1865 istis
804 1770 1043 1882 indigitandis
1058 1770 1283 1852 destinantur
1299 1768 1352 1874 (b.
1370 1768 1431 1872 36.
1447 1768 1482 1874 ).
1537 1762 1749 1849 Enimvero
1774 1764 1800 1850 fi
1824 1768 1957 1849 termi-

649 1926 706 1985 no
722 1892 934 1979 attribuitur
948 1893 1081 1991 notio,
1098 1890 1162 1969 cui
1185 1882 1422 1989 indigitanda
1446 1880 1665 1987 destinatur,
1692 1884 1732 1963 in
1751 1878 1958 1989 significatu

651 2013 813 2127 proprio
826 2004 991 2089 eundem
1003 1998 1187 2085 sumimus
1202 1998 1254 2103 (b.
1266 2010 1340 2105 138·
1355 1998 1387 2103 ).
1442 1992 1624 2079 Termini
1640 1998 1754 2103 igitur
1770 1996 1963 2083 defuritio·

655 2156 747 2217 nem
761 2120 1012 2233 ingredientes
1027 2121 1068 2200 iu
1082 2112 1286 2225 fignificatu
1301 2114 1460 2221 proprio
1476 2108 1574 2203 sumi
1588 2110 1734 2195 debent.

1252 2314 1261 2333 .
1319 2252 1392 2335 161.

428 2360 616 2459 'iamae-
830 2372 986 2455 uoniam
999 2368 1196 2469 terminus,
1209 2250 1340 2475 pbarer
1355 2366 1599 2475 fignificatrun
1613 2370 1836 2478 proprium,
1875 2394 1968 2457 uem

431 2480 505 2589 riu
520 2469 612 2560 ⁰ssm'
664 2484 921 2587 habet,aium
934 2502 1108 2593 praeterea
1121 2486 1293 2593 acquirit,
1307 2483 1400 2565 dum
1416 2480 1538 2566 adhuc
1553 2488 1606 2563 rei
1621 2484 1771 2567 cuidam
1785 2394 1966 2593 aliibgui-

435 2570 540 2663 Μ
664 2600 815 2688 ficandae
833 2599 1031 2681 destinatur
1046 2597 1189 2703 (§.148.
1203 2602 1252 2706 );
1281 2606 1318 2681 in
1335 2594 1591 2703 (initiationibus
1606 2604 1662 2683 uti
1687 2598 1768 2683 iicet
1788 2608 1968 2707 terminis,

691 2724 729 2803 ui
745 2742 769 2797 a
776 2711 1141 2833 propriostgaificatu
1155 2712 1206 2795 ad
1220 2712 1330 2795 altum
1346 2712 1631 2817 tratuftruntur,
1652 2726 1750 2797 motio
1764 2721 1794 2797 ii
1809 2736 1895 2801 ante
1909 2712 1971 2804 de·

654 2745 827 2945 britium
839 2828 981 2932 fiterinr
1001 2828 1197 2939 explicari,
1223 2854 1271 2907 ne
1296 2826 1433 2910 scilicet
1455 2832 1509 2908 eis
1532 2828 1685 2937 prolatis
1707 2828 1798 2911 alter
1821 2834 1969 2921 eisdem

670 2950 799 3053 jungat
814 2948 992 3027 notiones
1007 2938 1123 3049 vulgo
1141 2948 1194 3024 eis
1209 2940 1362 3035 tributas
1377 2942 1862 3056 (§.116.),ficque1ucurem
1878 2948 1973 3035 defi-

672 3064 810 3152 nientis
826 3086 905 3143 uon
920 3057 1119 3169 aiicquatur
1135 3058 1186 3166 (ᾗ.
1204 3084 1275 3167 119.
1293 3062 1325 3167 ).

683 3162 687 3177 ⁸
775 3177 886 3253 Facile
903 3196 1051 3277 apparet,
1064 3176 1226 3247 terminos
1242 3176 1298 3248 hic
1313 3202 1329 3243 1
1345 3170 1526 3269 significatu
1542 3180 1702 3277 proprio,
1725 3181 1918 3283 quicunque
1943 3172 1972 3261 it

727 3276 863 3355 tandem
879 3270 1107 3367 fit,transferri
1122 3276 1162 3347 ad
1176 3274 1420 3371 fignificandam
1431 3300 1556 3367 notam,
1572 3306 1645 3376 quae
1660 3286 1834 3357 notionem
1844 3284 1970 3361 definiti

725 3379 925 3472 ingreditur.
974 3378 1208 3477 Quamobrem
1222 3382 1467 3479 cumpropriue
1482 3380 1681 3473 significatus
1698 3408 1768 3455 non
1783 3388 1974 3489 attenrbnqr,

726 3486 894 3554 terminus
910 3476 951 3550 ab
972 3478 1092 3553 eodem
1106 3478 1266 3555 liberatus
1282 3482 1368 3555 nihii
1382 3480 1560 3573 significat,
1582 3505 1680 3581 atque
1696 3510 1769 3555 tum
1786 3488 1921 3563 demum
1934 3514 1974 3563 ex

727 3606 800 3652 non
815 3578 1032 3673 fignificttivo
1049 3580 1201 3657 redditur
1218 3578 1332 3655 rursus
1348 3581 1586 3677 fignificativus,
1604 3610 1682 3656 enm
1698 3594 1824 3663 novaei
1831 3594 1926 3667 notio
1933 3616 1977 3679 at·

727 3680 908 3771 tribuitur,
922 3703 1023 3781 atque
1035 3708 1165 3759 novum
1182 3686 1324 3785 acquirit
1337 3682 1554 3777 fignificatum
1569 3690 1762 3787 proprium.
1960 3682 1963 3693 '

1340 3816 1421 3907 162.

440 3912 665 4019 adamum]
812 3928 988 4010 Terminis
1003 3814 1296 4035 definitionembn
1322 3930 1538 4022 radientibus
1553 3938 1793 4030 nutriendum
1808 3946 1859 4051 est
1877 3948 1985 4033 inre·

450 4033 584 4146 ulturus
678 4038 1000 4159 reptostgmficatu,
1012 4068 1079 4127 aut
1092 4054 1123 4130 ii
1137 4068 1223 4131 ante
1247 3960 1541 4160 dejbniendisunr,
1556 4082 1663 4177 quam
1680 4058 1802 4143 iudam
1818 4084 1984 4161 utamur.

451 4128 635 4225 utmatur.
680 4155 960 4263 Definitionem
975 4187 1065 4242 eum
1080 4165 1122 4245 in
1143 4162 1261 4247 finem
1280 4167 1508 4273 condimus,
1537 4195 1578 4253 ut
1602 4172 1705 4257 alteri
1729 4175 1980 4284 significemus

680 4280 884 4359 notionem
898 4272 1129 4385 completam
1143 4301 1255 4392 atque
1276 4280 1579 4393 determinatun,
1595 4317 1706 4400 quam
1722 4298 1886 4376 termino
1916 4297 1981 4378 da-

679 4407 724 4473 to
740 4390 939 4477 tribuimus
947 4390 1000 4501 (i.
1011 4418 1084 4499 151.
1093 4396 1128 4505 ).
1155 4392 1270 4480 Alter
1284 4401 1398 4507 igitur
1407 4423 1574 4484 mentem
1582 4406 1747 4491 nostram
1762 4409 1985 4523 intelligere,

678 4504 849 4623 adeoque
862 4504 1235 4637 perspeiiusbabere
1257 4514 1368 4607 debet
1384 4522 1569 4610 terminos
1584 4524 1764 4641 noffeque
1789 4536 1984 4637 notiones,

1907 4672 1986 4761 quae
