4834 5634
625 772 634 779 ’
701 774 988 919 quibusdam
1017 781 1331 917 generalibus
1355 706 1529 889 entis..
1652 803 1754 921 149

441 1010 513 1099 fib
536 1028 652 1095 certa·
665 1023 816 1125 tautum
842 1004 1065 1087 conditione
1092 1013 1367 1115 enuntiantur,
1394 1008 1442 1091 ad
1470 1009 1612 1091 modos
1640 1004 1755 1115 perti,-

432 1148 775 1339 'nffltsupponimut
790 1230 847 1307 hic
863 1228 939 1303 ralia
956 1230 997 1305 de
1012 1256 1089 1305 ente
1101 1234 1286 1323 enunciari,
1303 1258 1376 1333 quae
1394 1234 1454 1332 ipsi
1474 1230 1647 1306 intrinseca
1667 1222 1749 1309 sunt,

483 1340 641 1437 adeoque
657 1336 757 1411 nobis
772 1360 844 1408 non
859 1356 913 1405 res
926 1332 1057 1407 esteum
1074 1332 1292 1409 relationibus
1300 1332 1496 1423 extrinsecis,
1518 1362 1591 1433 qua
1607 1327 1747 1433 perinde

482 1439 637 1517 ternodi
662 1429 948 1534 mutariposlunt.
1014 1528 1038 1643 ὁ
1115 1550 1168 1639 70

575 1651 650 1737 Per
664 1648 865 1763 essentialia
882 1668 1024 1763 genera
1048 1646 1097 1735 ds
1113 1648 1248 1762 species
1275 1642 1572 1740 determinantur,
1634 1640 1749 1749 Qua:-
1767 1639 1982 1759 Qaaerrnrnga·

431 1794 587 1879 cunque
616 1758 732 1849 rebus
753 1762 907 1865 insunt,
935 1756 997 1841 vel
1020 1763 1228 1844 constanter
1245 1762 1380 1869 insunt,
1396 1766 1576 1876 quamdiu
1605 1762 1743 1869 species
1765 1744 1881 1904 ’'ft''“dss
1895 1730 1982 1872 spe-⁸·

435 1884 480 1967 dt
495 1904 615 1989 genus
628 1908 709 1965 non
723 1900 903 1980 mutamr,
911 1875 971 1956 vel
986 1876 1046 1960 his
1061 1876 1167 1959 salvis
1175 1884 1312 1959 mutari
1320 1880 1470 1990 possunt
1478 1880 1602 1993 (§.60.
1613 1880 1645 1985 ).
1664 1872 1743 1957 Sed
1762 1863 1821 1912 (Μ
1858 1850 1967 1974 Μ

441 1992 650 2079 constantia
661 1993 791 2077 allavel
806 1989 1002 2075 essentialia
1011 1997 1120 2096 entis,
1136 1989 1199 2073 vel
1215 1994 1294 2095 ejus
1313 1995 1484 2079 attributa
1497 1998 1623 2109 (ς.64.
1636 1995 1696 2096 65.
1706 1990 1742 2097 ),
1759 1956 1881 2017 ”mm

390 2208 396 2215 Ι
437 2109 517 2219 seu
570 2114 806 2219 proprietates
855 2102 1059 2190 essentiales
1093 2128 1204 2217 atque
1260 2137 1485 2195 communes
1514 2112 1745 2195 constituunt

444 2222 583 2333 (§.66.
594 2220 919 2329 ),mutabiliavero
930 2224 1071 2307 modos
1080 2218 1275 2305 absolvunt
1285 2228 1337 2337 (p.
1348 2231 1411 2333 67.
1422 2228 1454 2333 ).
1486 2224 1593 2333 Ergo
1611 2248 1744 2331 genera

443 2336 996 2451 &speciesvelpereslentialia‚
1021 2336 1193 2420 attributa
1221 2338 1260 2418 dt
1286 2344 1427 2424 modos
1452 2338 1573 2443 simul,
1590 2338 1650 2420 vel
1677 2361 1744 2447 per

429 2451 720 2541 'tmurn'lrorum
735 2452 1042 2541 determinantur.
1100 2448 1221 2536 Modi
1236 2480 1326 2538 cum
1334 2454 1450 2539 abesse
1465 2458 1615 2566 poliant,
1626 2454 1746 2561 speeie

428 2595 474 2655 ac
486 2566 746 2679 generesalvis
761 2566 816 2681 (§·
826 2572 889 2675 67.
901 2571 1020 2681 60.);
1047 2564 1255 2679 specierum
1270 2598 1312 2653 ac
1321 2594 1503 2681 generum
1520 2572 1745 2655 determina-

429 2690 580 2769 tionem
596 2688 749 2793 ingredi
764 2707 966 2799 nequeunt.
1022 2682 1065 2769 Si
1087 2688 1191 2768 enim
1205 2690 1353 2796 ingredi
1377 2688 1573 2791 deberent,
1601 2686 1741 2793 species

430 2826 475 2885 ac
489 2826 611 2908 genus
627 2820 852 2906 mutaretur,
868 2806 1151 2914 quamprimum
1167 2804 1308 2887 modus
1324 2806 1525 2885 variaretur
1541 2834 1549 2883 :
1579 2803 1617 2881 id
1634 2796 1741 2911 quod

427 2916 647 2999 definitioni
662 2936 857 3025 repugnat.
917 2915 1070 3028 Species
1093 2918 1218 3027 itaque
1235 2920 1422 3026 &genera
1446 2921 1742 3001 determinantur

430 3028 573 3141 uesper
601 3029 831 3138 essentialia,
860 3033 920 3115 vel
943 3061 1011 3142 per
1035 3031 1228 3135 attributa,
1256 3034 1316 3117 vel
1341 3060 1409 3143 per
1437 3056 1591 3145 utraque
1621 3028 1739 3115 fimul.

435 3144 627 3232 Attributa
644 3172 715 3257 per
731 3146 929 3230 essentialia
950 3151 1264 3253 determinantur,
1281 3156 1329 3231 ita
1355 3171 1395 3230 ut
1422 3148 1467 3232 iis
1496 3148 1623 3260 postis
1660 3148 1741 3229 hac

432 3284 722 3374 unuponantur.
786 3258 886 3345 Non
905 3268 1020 3371 igitur
1040 3292 1140 3371 opus
1170 3264 1244 3369 eil,
1274 3287 1315 3347 ut
1333 3263 1380 3345 ad
1410 3264 1738 3347 determinandum

431 3406 566 3487 genera
582 3378 621 3461 dt
636 3378 779 3488 species
795 3400 949 3491 utraque
965 3378 1258 3485 conjurrgarrtur3
1274 3381 1337 3461 sed
1353 3378 1632 3463 sblaeslcrrtiulia
1662 3376 1737 3460 sus-

431 3496 582 3577 ficiunt:
607 3523 676 3603 per
691 3494 774 3577 hoec
788 3500 892 3577 enim
909 3494 976 3577 ubi
991 3520 1127 3602 genera
1144 3494 1330 3604 &species
1339 3496 1653 3598 determinantur,
1683 3516 1735 3575 at·

431 3608 568 3693 tributa
595 3608 835 3721 singulorum
867 3638 1051 3719 generum
1092 3608 1392 3723 fingularumque
1419 3610 1626 3719 specierum
1663 3636 1736 3691 una

433 3726 747 3832 determinantur,
776 3754 900 3839 neque
915 3729 1013 3811 adeo
1029 3724 1191 3809 liberum
1205 3727 1257 3809 est
1274 3726 1337 3808 ista
1353 3724 1460 3809 salvis
1490 3724 1737 3809 essentialibus

436 3838 535 3925 aliter
547 3842 799 3926 determinare
816 3846 870 3953 (p.
880 3848 942 3949 65.
952 3843 982 3951 )
1133 3929 1143 3947 ,

529 3956 1006 4061 inexemplisresmanisesla.
1056 3954 1739 4054 Triangulumreslilineumestgenusali·

481 4060 686 4233 parodquod
703 4056 763 4136 sub
779 4058 1504 4159 seuquilatemmaequicrurum&scalenum
1520 4062 1741 4159 cumprehen·
1787 4115 1791 4122 .

507 4166 540 4234 it.
591 4159 771 4237 Ellentiale
785 4164 945 4256 trianguli
958 4160 1123 4236 resiilinei
1141 4160 1188 4235 esi
1204 4160 1385 4237 concursus
1402 4170 1506 4239 trium
1523 4163 1689 4236 testarum
1700 4160 1740 4231 ad

481 4258 627 4365 spatium
641 4265 910 4354 terminandum,
936 4266 1167 4363 quarumdam
1182 4260 1364 4339 fimulsunt
1381 4270 1645 4364 tertiamajores:
1661 4287 1740 4359 pro·

478 4366 698 4465 prietas'vero
713 4393 877 4441 numerus
895 4368 1100 4458 angulorum
1118 4372 1293 4455 ternarius,
1311 4394 1457 4441 necnon
1473 4374 1557 4439 ratio
1575 4363 1739 4463 aqualite-

480 4468 518 4541 tit
529 4470 722 4545 eorundem
734 4471 776 4543 ad
791 4472 876 4543 dunt
891 4466 1000 4543 rettos
1019 4474 1064 4561 (s.
1075 4472 1158 4562 66.).
1210 4470 1440 4563 Triangulum
1451 4468 1659 4543 restilineum
1670 4460 1740 4535 solo

486 4566 646 4647 concursu
660 4574 769 4647 trium
794 4568 960 4645 rellatum
978 4571 1018 4641 ad
1046 4566 1191 4666 spatium
1216 4573 1464 4664 terminandum
1489 4572 1741 4654 determinatur,

492 4690 621 4846 ffirn
641 4672 874 4772 duaejunttim
888 4664 1003 4745 summ
1020 4668 1368 4773 suntrertiamajores:
1393 4672 1653 4767 necquicquam
1673 4668 1741 4740 huc

535 4774 543 4791 ’
614 4778 1139 4877 proprietatescommemorare,
1151 4798 1225 4871 quae
1245 4801 1284 4849 ex
1293 4768 1454 4849 concursu
1463 4780 1566 4845 trium
1575 4766 1744 4847 reslarum

491 4866 740 4979 ”aequuum
790 4872 984 4980 AEqualitas
1000 4878 1105 4955 trium
1123 4876 1266 4951 laterum
1283 4877 1492 4971 triangulum
1502 4870 1744 4975 aequilaterum,

1075 4984 1156 5077 Τ]
1643 5006 1751 5079 atqua-
