4834 5634
1370 884 1535 988 De
1569 880 1739 1013 ufic
1788 888 2199 1025 Logicae
2234 890 2343 994 in
2360 898 2695 1028 praxi
2726 900 3006 1006 vitae.
3111 980 3116 989 .
3279 910 3506 1041 847

994 1122 1219 1193 ment,
1250 1107 1575 1197 Logicam
1606 1110 1976 1183 naturalem
2008 1111 2121 1184 hic
2155 1114 2356 1189 nobis
2388 1115 2656 1192 abunde
2683 1116 3016 1210 sufficere,
3049 1148 3172 1197 nec
3201 1122 3496 1197 artificia—

988 1200 1041 1275 li
1070 1197 1195 1282 css’e
1229 1229 1437 1305 opus:
1472 1220 1555 1282 ut'
1577 1214 1802 1308 itaque
1830 1208 2017 1285 secus
2046 1208 2329 1290 sentiant
2355 1245 2516 1308 nec,
2539 1244 2684 1318 quae
2711 1218 2828 1293 fibi
2860 1221 3030 1295 adeo
3057 1224 3360 1323 proficua
3387 1222 3492 1297 fu-

988 1328 1137 1377 tura
1170 1302 1327 1381 sunt
1350 1366 1373 1399 ,
1414 1310 1877 1411 intempestive
1908 1314 2250 1409 negligant
2280 1375 2301 1405 ‚
2346 1318 2510 1392 hinc
2553 1322 2710 1395 inde
2748 1322 2988 1395 damna
3015 1324 3344 1401 nonnulla
3383 1356 3490 1403 an·

984 1406 1375 1483 notabimus
1394 1469 1411 1501 ,
1442 1437 1589 1510 quae
1619 1438 1697 1484 ex
1722 1412 2031 1507 neglectu
2050 1420 2319 1511 Logicae
2338 1418 2692 1495 artificialis
2731 1420 3245 1521 consequuntur.
3355 1430 3492 1511 Ob·

974 1506 1341 1606 jestionem
1370 1518 1649 1587 minime
1684 1540 2071 1604 moramur,
2116 1518 2303 1614 quod
2337 1522 2656 1615 Logicam
2694 1522 3107 1597 artificialem
3137 1538 3480 1629 unusquis-

983 1635 1117 1707 que
1148 1638 1279 1711 pro
1312 1614 1590 1687 arbitrio
1619 1612 1737 1687 fibi
1771 1614 2008 1709 fingat:
2043 1618 2348 1695 dedimus
2378 1626 2561 1695 enim
2590 1624 2688 1719 (§.
2719 1624 2920 1698 26.&
2943 1620 3166 1727 seqq.)
3194 1630 3254 1701 la
3309 1632 3486 1705 idem

982 1712 1327 1809 Lydium,
1376 1719 1513 1813 qui·
1542 1721 1905 1809 genuinam
1942 1744 1975 1789 a
2006 1716 2229 1819 spuria
2278 1745 2462 1795 certo
2510 1724 2870 1819 distinguit.
2975 1732 3199 1803 Immo
3249 1658 3488 1804 Htfficit

978 1816 1298 1907 Logicam
1332 1844 1367 1887 a
1395 1816 1591 1889 nobis
1624 1818 1937 1891 traditam
1970 1846 2129 1893 eum
2161 1818 2413 1897 habere
2444 1819 2635 1899 usum
2656 1884 2677 1913 ‚
2718 1850 2918 1923 quem
2951 1828 3170 1903 eidem
3203 1834 3486 1904 vindica-

976 1938 1149 1987 mus.
1256 1920 1327 1987 Si
1359 1922 1507 2017 quis
1539 1916 1863 1993 diversam
1892 1946 1927 1991 a
1958 1921 2181 1995 nostra
2214 1924 2448 1999 condit
2461 1926 2568 1999 vel
2599 1928 3050 2015 commendat,
3067 1935 3124 2005 is
3150 1956 3480 2031 quantum

978 2039 1055 2093 ea
1076 2020 1289 2092 valeat
1306 2078 1327 2109 ,
1348 2018 1485 2119 ipse
1518 2016 1836 2120 dispiciat.

2006 2160 2069 2265 §.
2139 2186 2324 2245 1212.

1090 2306 1336 2388 Omnis
1381 2306 1795 2423 cognitionis
1834 2301 2191 2421 acqufitae
2231 2304 2397 2407 ufits
2431 2308 2510 2387 in
2552 2313 2852 2426 negotiis
2903 2316 3069 2395 vitae
3111 2309 3213 2395 ad
3250 2313 3486 2421 appli-

872 2427 1221 2509 cationem
1250 2415 1723 2525 definitionum
1758 2407 1857 2504 65
1880 2418 2430 2533 propositionum
2473 2419 2686 2507 redit.
2797 2420 3112 2508 Etenim
3154 2456 3254 2509 ex
3301 2417 3490 2511 defi-

873 2542 1167 2619 nitione
1202 2540 1311 2617 rei
1348 2532 1771 2639 colligitur,
1804 2532 2195 2644 quodnam
2228 2540 2299 2619 ei
2328 2543 2732 2619 conveniat
2764 2568 3051 2623 nomen
3083 2552 3116 2646 (
3131 2544 3192 2651 §.
3218 2548 3485 2655 349),

868 2654 1413 2763 consequenter
1446 2678 1623 2731 cum
1656 2652 1999 2731 terminis
2029 2652 2576 2736 communibus
2618 2660 2981 2739 notiones
3027 2686 3483 2743 communes

864 2772 911 2877 (
930 2771 992 2877 §.
1028 2768 1281 2875 114),
1327 2766 1673 2877 adeoque
1702 2790 1977 2872 genera
2009 2784 2235 2877 atque
2262 2768 2544 2877 species
2583 2772 2626 2877 (
2641 2772 2702 2877 §.
2737 2800 2870 2879 113.
2899 2798 3038 2879 44.
3071 2774 3150 2857 Gt
3174 2776 3485 2889 seqq.)‚

866 2884 1363 2983 denotentur,
1395 2908 1479 2960 ea
1516 2884 1608 2962 ad
1641 2878 1767 2959 sua
1798 2906 2069 2985 genera
2101 2881 2413 2994 suasque
2462 2884 2743 2993 species
2773 2890 3177 2973 reducitur.
3291 2890 3486 2975 Por-

866 3029 961 3082 ro
997 3026 1179 3083 cum
1210 3002 1289 3078 in
1322 2993 1967 3105 propofitionibus
2002 2996 2538 3081 univerlalibus
2571 3023 2795 3113 atque
2825 3003 3334 3092 determinatis
3355 3036 3486 3117 ge-

866 3114 1173 3199 neribus
1220 3111 1295 3192 Gt
1342 3112 1727 3221 speciebus
1770 3110 1897 3193 sua
1942 3112 2331 3220 praedicata
2376 3114 2868 3202 attribuantur
2913 3184 2942 3224 ‚
3004 3152 3167 3235 quae
3209 3124 3488 3209 iisdem

864 3234 1333 3315 conveniunt
1362 3230 1488 3336 (§.
1525 3228 1763 3335 242.)
1796 3257 1821 3321 3
1862 3254 2125 3311 earum
2156 3257 2309 3339 ope
2340 3228 2652 3317 ulterius
2683 3236 3113 3343 colligitur,
3162 3241 3345 3347 quid
3377 3246 3490 3324 rei

862 3346 1113 3433 obviae
1143 3349 1545 3431 conveniat
1580 3347 1623 3451 (
1639 3346 1700 3452 §.
1735 3346 2019 3451 348.)‚
2046 3343 2594 3453 consequenter
2623 3353 3009 3457 quodnam
3045 3358 3126 3433 in
3159 3356 3338 3436 dato
3370 3384 3492 3437 ca-

856 3464 946 3549 su
976 3464 1348 3567 judicium
1380 3458 1697 3543 formari
1727 3458 1995 3540 debeat
2026 3456 2512 3541 dilcurfivum
2545 3462 2594 3569 (
2607 3464 2672 3571 §.
2704 3468 2918 3591 51.)·‚
2947 3464 3098 3547 five
3125 3468 3493 3557 theoreti-

856 3609 1043 3664 cum
1062 3644 1089 3683 ,
1120 3576 1268 3665 five
1293 3573 1715 3686 practicum
1733 3640 1755 3679 ‚
1788 3594 2022 3684 prout
2040 3574 2262 3656 'casus
2288 3574 2564 3659 tulerit.
2684 3577 2968 3663 Omnis
2993 3582 3188 3664 adeo
3221 3592 3488 3695 cogni-

856 3700 1095 3781 tionis
1128 3690 1493 3805 acquifitae
1523 3697 1603 3772 in
1634 3695 1959 3801 negotiis
1988 3694 2159 3772 vitae
2192 3688 2369 3775 usus
2412 3690 2506 3775 ab
2555 3690 3057 3805 applicatione
3107 3696 3492 3785 definitio-

856 3840 1053 3895 num
1090 3811 1167 3893 &
1198 3806 1809 3919 propositionum
1839 3805 2143 3917 pendet.

1064 3930 1141 3997 E.
1172 3952 1269 4019 gr.
1316 3930 1527 4023 JCtus
1561 3954 1639 3997 cx
1684 3920 2073 3997 definitione
2114 3926 2454 3997 Soct'etatit
2501 3928 2573 3999 in
2619 3924 2778 3999 dato
2821 3918 2974 4005 casu
3018 3930 3482 4006 ratiocinando

965 4028 1225 4121 colligit
1263 4028 1655 4099 comrac‘t‘um
1698 4028 1929 4101 datum
1970 4026 2085 4121 ff:
2114 4027 2475 4115 societatem
2501 4082 2528 4113 ,
2579 4049 2645 4101 at
2695 4054 2782 4103 ue
2815 4028 2976 4101 inde
3013 4028 3341 4105 beneficio
3389 4034 3482 4104 le·-

963 4155 1133 4225 gum
1166 4153 1385 4227 porro
1414 4122 1625 4200 infert
1650 4184 1669 4215 ,
1712 4128 1875 4226 quid
1906 4131 1977 4199 in
2008 4130 2248 4201 eodem
2280 4121 2425 4201 casu
2459 4126 2539 4201 fit
2577 4054 2828 4227 julium
2858 4190 2878 4221 ,
2923 4132 3088 4227 quid
3117 4130 3478 4229 injustum,

960 4234 1030 4307 ἃ
1062 4229 1227 4331 quid
1256 4228 1405 4305 fieri
1435 4226 1685 4303 debeat.
1789 4230 1977 4302 Idem
2010 4233 2207 4302 etiam
2242 4224 2464 4303 facere
2494 4254 2766 4305 tenetur
2795 4232 3110 4305 Medicus
3152 4231 3477 4307 morbum

952 4338 1317 4427 agniturus
1338 4330 1409 4404 ὅτ
1435 4330 1730 4405 remedia
1756 4332 2221 4405 convenientia
2248 4327 2778 4433 praescripturus.
2835 4338 3086 4407 Omnis
3120 4331 3344 4411 nostra
3371 4360 3479 4408 co-

968 4439 1179 4529 gnitio
1206 4432 1717 4511 definitionibus
1738 4432 1805 4505 &
1834 4430 2413 4533 propofitionibus
2439 4440 2848 4509 continetur.
2895 4434 3482 4535 Propofitionibus

964 4534 1661 4638 demmin-,quaenam
1686 4534 1889 4609 rebus
1923 4536 2141 4611 obviis
2172 4533 2530 4609 tribuenda
2557 4535 2684 4611 sint
2713 4534 3066 4637 praedicata
3095 4594 3118 4628 ‚
3157 4560 3240 4611 ut
3263 4596 3280 4627 ,
3333 4565 3482 4637 quae

966 4642 1049 4713 iis
1072 4645 1504 4729 conveniant,
1522 4636 2003 4733 intelligamus,
2027 4635 2277 4711 etiamsi
2308 4634 2544 4712 eadem
2576 4642 2888 4715 intuitive
2916 4642 3199 4713 minime
3227 4660 3481 4733 cogno-

964 4734 1251 4827 scamus.
1348 4740 1849 4817 Definitionum
1880 4761 2107 4814 autem
2138 4736 2470 4815 beneficio
2497 4768 2605 4817 res
2635 4740 2864 4817 obvias
2896 4736 3317 4839 agnoscimus
3339 4744 3408 4815 ὅτ
3439 4770 3478 4815 a

962 4838 1353 4921 seinvicem
1404 4842 1839 4919 discernimus
1866 4900 1883 4932 ,
1928 4864 2015 4915 ne
2042 4864 2185 4941 -per
2222 4866 2528 4917 errorem
2555 4842 2798 4919 iisdem
2833 4846 3212 4921 tribuamus
3241 4846 3484 4945 praedi·

964 4966 1137 5040 cata,
1166 4973 1317 5049 quae
1344 4951 1629 5027 minime
1656 4944 2089 5027 conveniunt.
2188 4946 2380 5021 Hinc
2427 4970 2538 5021 eas
2584 4946 2864 5025 demum
2899 4946 2984 5021 ad
3025 4948 3232 5021 vitam
3279 4947 3482 5121 ufiiles

3265 5076 3310 5125 ο
3365 5073 3479 5124 en-

3539 2321 3717 2395 Unde
3723 2342 3880 2421 pen-

3533 2426 3682 2497 deat
3697 2430 3895 2492 omnis

3533 2528 3908 2623 cognitionis·

3532 2637 3603 2697 in
3623 2632 3892 2718 negotiis

3528 2738 3673 2801 vitae
3701 2726 3888 2823 usim:
