4834 5634
935 786 1272 933 philtffophicn.
1699 796 1761 905 61

1017 1020 1050 1127 §.
1117 1047 1194 1127 127.

558 1148 813 1277 Hyporbessdar
834 1150 1056 1273 philffpbr'cr‘r
1088 1164 1128 1240 in
1135 1159 1238 1277 philo
1253 1158 1358 1271 aphia
1391 1160 1482 1246 locus
1515 1159 1756 1265 concedendus,
1770 1156 1956 1265 Hyporicsu

429 1296 615 1390 quatenus
629 1270 888 1355 asperitatem
904 1268 1074 1388 liquidam
1095 1274 1338 1359 inveniendam
1361 1286 1456 1359 viam
1473 1276 1648 1381 (inerunt.
1710 1257 1972 1361 pnphilosophicae

429 1384 711 1500 hypothesibus
724 1383 1003 1495 philosophicis
1045 1386 1230 1472 sumimus
1248 1393 1431 1502 quadam,
1455 1394 1503 1475 de
1517 1394 1653 1504 quibus
1671 1420 1750 1475 non
1768 1362 1962 1463 quolnoba-

428 1506 603 1607 constat‚
629 1530 726 1585 num
739 1499 831 1605 smt,
860 1526 903 1581 ac
918 1500 943 1583 sr
958 1528 1000 1581 ea
1015 1502 1140 1610 essent,
1156 1527 1352 1613 propterea
1370 1510 1475 1617 quod
1491 1515 1674 1590 rationem
1692 1515 1747 1589 iu-
1762 1464 1796 1535 lc
1807 1464 1862 1535 'l'

432 1622 485 1704 de
500 1620 662 1703 reddere
676 1616 767 1699 licet
782 1642 934 1720 eorum,
950 1644 1029 1726 qua
1046 1619 1128 1699 sieri
1145 1617 1384 1703 observamus
1401 1626 1457 1731 (ξ.
1478 1628 1588 1731 na).
1601 1622 1748 1747 Quill

434 1734 548 1847 plura
563 1734 653 1815 inde
667 1732 926 1835 deducantur,
950 1757 1067 1843 quam
1081 1760 1163 1844 quae
1186 1736 1270 1817 fieri
1294 1734 1591 1833 observavimus3
1627 1740 1750 1821 ausim

438 1853 533 1933 inde
547 1852 747 1957 arripimus
786 1844 849 1927 vel
874 1844 1114 1951 observandi,
1128 1848 1189 1929 vel
1204 1878 1273 1958 per
1285 1858 1538 1960 experimenta
1555 1857 1753 1963 detegendi

446 1990 511 2067 ea,
523 1964 574 2044 de
590 1962 722 2073 quibus
735 1962 824 2045 alias
841 1962 1049 2072 nequidem
1063 1964 1347 2071 cogitassemus,
1366 1989 1406 2050 ut
1423 1976 1600 2053 certiores
1620 1974 1754 2052 evada-

454 2104 573 2179 mus,
605 2067 873 2189 ruthquaedam
915 2078 1155 2183 interluunt,
1185 2108 1265 2192 quae
1285 2087 1518 2190 experientiae
1536 2107 1752 2194 repugnant.

459 2188 624 2273 Etenim
666 2188 691 2273 li
731 2192 870 2273 uainde
911 2191 1169 2297 deducuntur,
1199 2224 1280 2305 quae
1306 2203 1540 2304 experientia
1568 2206 1752 2285 contraria

457 2304 567 2399 sunta
593 2304 622 2387 h
736 2306 836 2391 eseos
851 2303 984 2391 falsitas
997 2328 1164 2417 apparet:
1193 2306 1337 2392 sivero
1355 2313 1486 2393 eadem
1510 2316 1634 2400 eidem
1659 2344 1752 2399 con·

448 2420 620 2504 sentinea
635 2420 975 2531 deprehenduntur,
1011 2424 1182 2523 ejusdem
1197 2424 1437 2532 probabilitas
1482 2430 1620 2512 creliit.
1677 2430 1753 2513 Via

443 2534 1072 2645 igiturhiesternituradveritatem
1090 2538 1555 2651 liquidaminveniendam.
1618 2544 1754 2627 Enim-

439 2678 538 2735 vero
554 2651 652 2759 dum
668 2654 868 2758 videmus,
896 2676 946 2733 ex
960 2652 1122 2741 assumtis
1139 2656 1246 2736 reddi
1262 2656 1364 2773 polle
1381 2662 1567 2741 rationem
1592 2688 1752 2765 eorum,

435 2798 524 2885 φιτ
539 2768 624 2850 fieri
638 2766 906 2861 observamus3
934 2768 1059 2849 arilim
1102 2797 1220 2877 porro
1238 2776 1435 2879 arripimus
1482 2778 1695 2885 inquirendi
1711 2780 1751 2857 itt

436 2910 501 2991 ea,
532 2910 618 2997 quae
631 2884 836 2988 sumimus,
853 2909 900 2963 an
917 2909 1044 2963 revera
1060 2888 1098 2963 in
1115 2889 1159 2966 iis
1175 2891 1270 2967 ratio
1287 2892 1531 2971 contineatur.
1556 2890 1672 2975 Unde
1688 2892 1753 2977 de-

437 3026 519 3085 nuo
533 3004 597 3083 via
612 3000 791 3083 sternitur
806 3000 855 3082 nd
872 3002 1065 3081 veritatem
1079 2998 1261 3113 liquidam
1279 3005 1536 3110 perveniendi.

537 3152 570 3223 A
587 3148 708 3219 mulis
723 3167 818 3219 retro
835 3137 950 3216 seculis
965 3144 1116 3241 exempla
1132 3144 1230 3216 nobis
1247 3143 1702 3246 suppeditavithllronomia,
1720 3147 1755 3218 in

482 3272 584 3353 parte
598 3244 787 3350 praesertim
795 3246 951 3317 theorica.
962 3248 1150 3318 Comenim
1162 3244 1234 3319 seri
1242 3274 1310 3320 non
1330 3244 1446 3345 pollet,
1458 3275 1493 3319 ut
1504 3276 1517 3317 a
1528 3246 1752 3349 primasium

491 3354 627 3445 origine
634 3350 772 3445 theoria
779 3368 893 3420 motus
899 3344 1110 3447 planetarum
1119 3373 1197 3419 vera
1205 3344 1463 3441 investigaretur
1473 3350 1547 3421 ideo
1559 3348 1753 3421 Allronomi

493 3444 1036 3553 hypothesesrondideruntunde
1045 3452 1188 3521 rationes
1196 3470 1352 3520 motuum
1362 3448 1542 3523 celestium
1552 3452 1752 3523 derivarunt.

500 3557 596 3627 Eriis
608 3545 860 3651 hypothesibus
878 3544 1104 3637 deduxerunt,
1119 3576 1191 3647 φιτ
1207 3576 1286 3623 eum
1304 3544 1589 3623 observationtbus
1605 3549 1754 3623 contule-

494 3658 682 3729 ruutHine
700 3640 815 3725 ansa'm
829 3644 918 3721 nasis
930 3645 1008 3722 sunt
1022 3650 1190 3746 cogitandi
1203 3650 1244 3723 de
1263 3645 1569 3733 observationibus,
1586 3678 1659 3749 quae
1677 3650 1754 3722 aliar

490 3744 1677 3851 mentemeorumnunqurmsubiissent,&hypotheseseontinuomagis
1689 3778 1756 3824 ma·

495 3852 942 3959 girqneemendandidonec
949 3852 1085 3926 tandem
1093 3858 1263 3927 veritatem
1274 3860 1413 3953 propius
1424 3860 1545 3928 intueri
1554 3853 1669 3927 datum
1679 3850 1757 3930 fuit.

501 3958 681 4036 Neemale
694 3978 777 4031 meo
790 3952 916 4053 judicio
926 3956 961 4025 in
968 3950 1412 4053 philosophiahllronomos
1422 3960 1603 4041 imitamur,
1613 3959 1757 4057 quoties·

499 4086 636 4165 cunque
647 4054 841 4133 illiusmodi
855 4049 946 4129 ersus
963 4080 1166 4145 occurrunt,
1189 4060 1224 4128 in
1240 4056 1757 4158 quibuseonjessandojaeiuntur

501 4168 646 4241 veritatis
660 4152 1133 4251 invelligandaesundamenta.
1163 4156 1393 4232 Praebetnobis
1402 4160 1500 4257 hujus
1510 4164 1556 4231 rei
1565 4158 1758 4254 exemplum

500 4271 606 4344 erirm
618 4261 865 4350 tirrannum,
894 4284 967 4358 qun
985 4258 1136 4358 pr'ir'num
1151 4284 1206 4331 me
1223 4265 1401 4359 permovit,
1417 4286 1454 4332 nr
1469 4263 1507 4333 de
1517 4257 1759 4361 hypothesbus

497 4364 750 4475 philosophicis
759 4361 876 4437 mitius
885 4358 1078 4459 judicarem.
1128 4354 1758 4465 Etenimeumindivilinneperdiviso·

494 4496 651 4551 ameum
680 4466 807 4543 ustum
816 4488 882 4561 ope
891 4462 1202 4559 abaeiPythrgorici
1215 4487 1337 4559 quotus
1349 4464 1605 4561 partialisverus
1615 4462 1759 4535 inveniri

498 4600 621 4679 nonpo
649 4561 1145 4671 1t‚permodumhypotheseos
1153 4560 1397 4664 philosophice
1422 4560 1563 4637 sumitur
1580 4556 1759 4636 divisorem

503 4684 667 4777 rugium
683 4668 833 4747 innotis
850 4665 1021 4740 dividendi
1038 4665 1148 4739 eidem
1166 4661 1447 4764 respondentibus
1465 4671 1561 4740 toties
1578 4667 1760 4753 contineri,

586 4804 624 4857 ea
639 4795 729 4851 nota
744 4764 900 4845 divisoris
915 4770 1027 4868 prima
1041 4774 1078 4843 in
1093 4790 1175 4843 nota
1191 4772 1303 4865 prima
1317 4766 1487 4842 dividendi
1501 4770 1610 4843 eidem
1624 4762 1761 4867 respon·

505 4801 587 4963 Ε
599 4868 980 4972 continetur-lnslituto
994 4868 1546 5072 enimextghpedeprehendimur,
1556 4895 1640 4963 pum
1650 4872 1762 5043 lppppi
