4834 5634
703 570 813 691 270
882 543 1032 649 Part.
1042 539 1082 645 I.
1099 536 1210 643 Seri.
1220 531 1317 641 III.
1330 534 1440 667 Cap.
1458 528 1553 637 ln
1569 528 1652 640 Dr
1679 530 1845 633 variis

750 768 798 846 eil
812 772 846 840 in
861 767 1033 859 negativa,
1058 760 1082 835 li
1098 757 1259 859 oppolitae
1276 754 1340 829 elie
1356 755 1490 829 debent.
1543 753 1665 828 Obiter
1679 753 1897 845 hiemoneo,
1931 755 2001 829 hina

748 864 909 952 constare,
925 891 987 937 eur
1000 866 1083 936 adeo
1096 860 1234 935 difficile
1251 856 1290 928 fit
1303 858 1345 931 de
1362 856 1575 956 oppositione
1588 856 1769 953 juditium,
1798 856 1932 934 ubinee
1945 880 2001 934 tet·

747 971 847 1045 minis
863 962 1069 1063 respondent
1085 965 1243 1036 notiones
1261 954 1334 1031 satis
1349 958 1596 1045 determinate,
1620 982 1683 1031 nec
1705 952 1896 1053 subjeetum
1920 954 2001 1034 suffi·

747 1073 875 1143 ciente-r
896 1065 1157 1149 determinatur,
1183 1084 1223 1135 nt
1236 1082 1363 1159 pateat,
1390 1062 1426 1131 in
1458 1084 1526 1156 quo
1547 1057 1634 1131 slatu
1654 1056 1873 1159 praedicatum
1895 1060 2001 1139 eidem

748 1170 930 1245 convenire
950 1164 1066 1267 poffit:
1094 1165 1130 1238 id
1144 1160 1236 1264 quod
1254 1159 1357 1255 vulgo
1381 1157 1585 1259 plerumque
1606 1155 1865 1236 accideffisolet.

1419 1321 1452 1379 2.

457 1413 680 1489 Doctm'nm
848 1411 1032 1499 Similiter
1045 1432 1166 1525 patet,
1193 1418 1234 1494 in
1242 1300 1539 1521 pllpodtlonibus
1553 1412 1719 1524 oppofitis
1735 1408 2001 1518 determinatam

458 1507 665 1611 ’‘mssa“
699 1528 898 1638 respondere
917 1530 1035 1613 debere
1049 1525 1243 1639 predicato
1266 1536 1467 1629 notionem,
1494 1554 1555 1605 nec
1577 1532 1617 1604 in
1637 1536 1806 1639 negativa
1824 1528 2001 1638 quidpiam

456 1608 681 1784 “flii'zfflst‘
700 1648 812 1729 eidem
827 1650 931 1749 addi,
958 1649 1020 1726 ves
1031 1650 1124 1727 dani
1132 1644 1236 1753 poffi'.
1301 1637 1458 1724 Etenim
1473 1666 1563 1723 cum
1586 1642 1829 1747 predicatum
1848 1640 2001 1723 denotet

456 1738 549 1789 Μ
587 1736 628 1781 '²⁸'
702 1787 821 1844 omne
835 1760 889 1864 id,
917 1758 1025 1871 quod
1038 1756 1205 1862 subjeslo
1214 1753 1457 1839 tribuiturvel
1465 1752 1512 1837 ab
1527 1780 1577 1835 eo
1586 1756 1865 1865 removetur&
1874 1758 2001 1866 too),

698 1876 967 1988 consequenter
982 1875 1090 1985 quod
1108 1879 1149 1956 in
1165 1877 1324 1955 notione
1338 1874 1504 1953 termino
1520 1866 1593 1951 five
1606 1868 1787 1980 simplici,
1812 1872 2001 1960 fivecan

692 1986 1215 2103 -plexo,quoddes1gnatur,
1251 1986 1499 2098 respondente
1515 1991 1750 2080 continuum
1776 1992 1817 2069 in
1830 1983 2001 2097 propoli·

694 2104 865 2190 tionibus
879 2125 1005 2187 autem
1014 2104 1194 2213 oppositis
1209 2102 1313 2184 idem
1319 2100 1563 2211 pradicatum
1577 2101 1648 2184 elle
1664 2101 1797 2186 debeat
1803 2102 1858 2213 (p.
1864 2106 2001 2212 49o);

694 2223 849 2306 evidens
868 2222 1032 2305 omnino
1048 2220 1121 2325 est,
1149 2216 1258 2332 quod
1281 2217 1482 2326 predicato
1505 2215 1749 2301 determinata
1765 2217 1999 2331 'respondere

692 2335 827 2420 debeat
841 2338 963 2416 notio.

826 2446 950 2533 Porro
965 2472 1057 2529 cum
1099 2444 1341 2553 predicatum
1356 2470 1437 2529 non
1452 2442 1615 2557 amplius
1637 2448 1742 2531 idem
1763 2446 1831 2554 st,
1858 2446 1997 2565 5th

690 2566 844 2649 notioni
858 2564 1130 2667 determinato,
1156 2589 1237 2674 quae
1255 2561 1382 2643 eidem
1399 2549 1622 2672 respondet,
1652 2561 1713 2645 vel
1740 2563 1996 2672 addatur,'vel

688 2679 884 2784 dematur,
912 2677 1020 2790 quod
1033 2700 1101 2786 per
1120 2676 1157 2757 se
1172 2696 1295 2787 patet3
1322 2703 1440 2786 porro
1467 2674 1706 2761 manifestum
1730 2680 1804 2788 cll,
1842 2684 1885 2764 in
1905 2690 1996 2796 pro-

686 2793 875 2903 positione
891 2795 1062 2900 negativa
1078 2792 1278 2900 predicato
1295 2790 1390 2874 nihil
1405 2791 1514 2898 addi,
1543 2792 1638 2873 nihil
1656 2794 1758 2877 demi
1775 2794 1890 2905 p'olie.
1928 2799 1956 2826 ·'

792 2914 829 2981 E.
848 2936 897 3003 gr.
918 2916 950 2980 Si
967 2911 1041 3006 quit
1057 2904 1217 2980 affirmet:
1258 2913 1369 2980 Omnis
1382 2911 1465 3011 lupis
1495 2910 1618 2981 calidus
1634 2913 1782 3007 calefacit
1803 2914 1836 2985 ἃ
1859 2915 1931 3009 jam
1945 2909 1993 2986 l'u·

737 3003 1991 3113 menslapidemquemradiissolaribusexpositumtattuscalidumprobrt

735 3113 949 3209 eundemque
965 3105 1180 3203 submergens
1194 3115 1230 3183 in
1245 3135 1364 3203 magna
1386 3137 1479 3209 aquae
1495 3116 1696 3210 quantitate,
1722 3111 1930 3211 quam'nihil
1944 3145 1992 3191 ca·

735 3212 817 3287 loris
838 3207 1032 3286 contraxisse
1051 3209 1156 3283 tanus
1173 3211 1285 3283 denuo
1302 3209 1454 3301 testatur,
1481 3236 1596 3307 neget,
1626 3241 1744 3287 omnem
1760 3218 1992 3321 lapidcm'rali·

727 3317 803 3389 dum
811 3316 994 3411 calefacere·
1003 3314 1105 3385 altera
1114 3312 1379 3413 haecpropofitio
1388 3339 1457 3387 non
1466 3315 1659 3390 contradicit
1667 3319 1782 3415 priori.
1800 3319 1935 3395 Etenim
1944 3344 1994 3394 ut·

734 3439 773 3487 ιιι
784 3411 969 3513 subjeetum
986 3412 1084 3513 possit
1097 3414 1296 3487 confiderari
1310 3437 1347 3485 ut
1363 3415 1471 3503 idem,
1496 3442 1573 3487 cum
1591 3420 1627 3489 in
1644 3420 1993 3521 primapropolitiooe

734 3538 796 3589 nee
810 3515 932 3615 lapidis
947 3513 1102 3601 densitas,
1128 3542 1189 3588 nec
1204 3513 1420 3607 magnitudo,
1447 3542 1509 3587 nec
1523 3518 1656 3607 modus,
1674 3546 1742 3617 quo
1758 3523 1907 3599 calorem
1914 3551 1992 3601 eon·

733 3618 849 3703 traxit,
875 3616 1125 3701 determinetur,
1149 3618 1298 3713 adeoque
1309 3614 1409 3687 abhis
1420 3620 1454 3686 in
1464 3622 1757 3719 negativaquoque
1767 3622 1994 3728 abstrahipot·

736 3714 783 3804 fit,
801 3720 908 3789 immo
922 3712 1056 3801 debeat,
1083 3717 1118 3786 in
1134 3714 1313 3814 predicato
1330 3738 1442 3789 tamen
1463 3718 1598 3792 additur
1613 3726 1764 3809 notioni,
1813 3750 1863 3799 ue
1879 3730 1990 3801 eidem

734 3812 932 3915 respondet,
953 3812 1047 3911 quod
1064 3820 1100 3887 in
1116 3812 1334 3889 arllirmativa
1350 3842 1421 3890 non
1437 3822 1687 3913 continebatur,
1714 3752 1991 3907 caledattioenim

731 3912 752 3989 s
770 3914 896 3990 ellatur
906 3919 939 3986 in
949 3941 1032 4010 aqua
1041 3913 1659 4016 determinataequantitatis&sumitur
1669 3926 1790 4019 gradus
1810 3930 1931 4003 caloris
1946 3956 1990 4005 ta-

767 4014 1990 4130 uqereeptibilis3quorumnihilinpropofitioueaffirmaritrsupponitur.

1238 4146 1271 4254 l·
1344 4174 1428 4255 293·

799 4256 891 4342 Inde
905 4283 1024 4369 porro
1039 4253 1224 4368 sequitur,
1249 4286 1437 4373 antequam
1451 4268 1493 4345 de
1506 4270 1714 4379 oppofitione
1737 4276 1905 4355 iudiciwn
1912 4274 1988 4379 fie-

604 4422 611 4437 ·
680 4376 850 4486 ripoffit,
877 4380 1126 4457 determinatas
1139 4406 1216 4459 cum
1227 4374 1404 4485 subjesii,
1439 4402 1515 4460 tum
1532 4391 1724 4491 praedicati
1746 4398 1901 4473 arationes
1923 4395 1987 4500 effe

677 4496 951 4688 apustitusndns,
970 4490 1050 4604 five
1067 4499 1217 4579 termino
1224 4492 1382 4612 fimplici·
1394 4506 1988 4614 utrunqueind1gueur,fivecom-

668 4624 787 4716 pexo.

1881 4738 1920 4809 E.
1932 4758 1982 4829 gr.
