4834 5634
826 830 829 835 ’
892 800 1274 981 Philosophandi.
1659 882 1738 959 101

432 1092 513 1151 tmo
528 1092 663 1151 errore
674 1066 883 1179 sequuntur
898 1066 1044 1177 plures,
1073 1068 1163 1153 fico
1179 1091 1356 1182 tanquam
1380 1074 1567 1180 principio
1591 1094 1746 1155 utamur

432 1183 481 1267 ad
498 1180 718 1267 inserendas
762 1180 1032 1267 conclusiones.
1120 1184 1427 1311 Qamobremsr
1449 1192 1532 1297 quis
1575 1216 1743 1269 errorem

431 1300 624 1407 agnoscit,
655 1303 689 1383 is
704 1298 868 1406 gradum
884 1296 1002 1382 sistere
1019 1300 1150 1407 debet,
1165 1333 1255 1385 curn
1273 1330 1342 1385 nec
1359 1330 1526 1383 errorem
1544 1304 1744 1385 emendare

428 1414 556 1522 liceat,
572 1444 646 1499 nec
661 1418 821 1496 veritate
842 1421 1025 1497 contraria
1049 1418 1175 1499 eidem
1198 1417 1386 1500 substituta
1410 1417 1563 1501 ulterius
1590 1443 1746 1527 progre-

428 1532 472 1615 di
485 1530 732 1617 concedatur.

534 1652 714 1747 Quantum
728 1639 881 1717 obfuerit
892 1638 1081 1742 progreiiui
1098 1639 1306 1717 scientiarum
1324 1643 1461 1717 servitus
1471 1642 1746 1746 philosophandi,

488 1751 645 1821 omnium
656 1742 853 1821 seculorum
862 1741 999 1817 testatur
1009 1743 1158 1818 historia.
1208 1750 1491 1843 Ecquisignorat,
1509 1774 1608 1843 quam
1627 1772 1747 1847 parum

490 1850 690 1923 inerementi
699 1849 832 1946 ceperit
844 1841 1074 1943 philosophia,
1092 1845 1746 1946 curnaphilosophiaAiistotrlicoSchola-

495 1952 576 2045 stica
586 1950 745 2021 neiatum
760 1945 901 2043 quidem
916 1971 1065 2037 unguem
1080 1946 1237 2021 recedere
1253 1948 1377 2021 liceret.
1387 1954 1470 2045 Qrae
1485 1946 1746 2049 disciplinaephi·

446 2056 449 2061 “
503 2042 833 2143 Iosophieaehabuere
842 2050 1056 2135 incrementa,
1071 2074 1109 2121 ea
1123 2045 1287 2121 debentur
1306 2054 1396 2136 viris,
1413 2054 1480 2147 qui,
1498 2048 1628 2124 ercuss'o
1645 2053 1745 2147 jugo,

507 2140 755 2247 philosophandi
764 2145 954 2220 libertatem
962 2147 1022 2221 fibi
1030 2151 1448 2242 arrogarunt‚ringentibus
1458 2151 1670 2247 aliis,quibus
1680 2148 1744 2225 ser·

510 2250 598 2321 virus
611 2250 711 2341 magis
720 2246 933 2347 probabatur.
942 2252 1028 2321 Non
1044 2274 1223 2340 negamus,
1257 2276 1294 2321 er
1309 2249 1460 2324 libertate
1482 2249 1744 2349 philosophandi

501 2345 1746 2449 plurimapropnllulaffedamna,crservitutevirsccutura:quojurerefer

497 2444 1011 2550 tursuperfieiarirphilosophiae
1021 2448 1183 2539 mastatio,
1195 2448 1429 2549 quadefidiosae
1439 2458 1599 2543 juventuti
1611 2453 1743 2549 placere

492 2548 906 2651 studentpropterpanem
915 2545 1202 2649 philosophantes,
1214 2556 1395 2625 Enimvero
1406 2550 1742 2625 damnaistaexliber·

489 2674 557 2725 tate
592 2646 976 2751 hilosophandinonper
986 2647 1016 2723 se
1026 2646 1217 2749 sequuntur,
1227 2650 1451 2751 sedquatenus
1461 2680 1497 2725 ea
1507 2650 1666 2752 perverse
1676 2678 1744 2725 me·

487 2676 599 2827 thodd
614 2746 850 2855 superaccedit.
906 2751 1132 2853 Qrodfienim
1143 2755 1306 2827 methodo
1316 2752 1548 2855 philosophica
1565 2760 1678 2843 utaris,
1687 2752 1745 2826 issa

485 2854 834 2929 minimemeruenda.
887 2858 961 2926 Hac
969 2854 1131 2927 methodo
1146 2860 1203 2953 qui
1219 2851 1494 2955 philosophatur,
1516 2882 1586 2927 non
1601 2856 1745 2927 admittit

484 2952 723 3039 abaliisdiaa,
731 2954 792 3028 nifi
803 2976 967 3051 quatenus
984 2982 1023 3026 er
1041 2959 1215 3053 principiis
1230 2951 1293 3030 suis
1313 2957 1532 3029 demonstrari
1550 2958 1582 3027 de
1602 2956 1745 3047 intelligi

485 3054 628 3161 possunt
642 3062 685 3149 (p.
701 3060 804 3152 157.),
821 3082 884 3128 nec
900 3053 1049 3129 defendit
1066 3079 1225 3154 tanquam
1238 3084 1365 3147 verum,
1384 3058 1442 3129 nifi
1461 3058 1552 3155 quod
1569 3086 1607 3129 ex
1625 3060 1746 3156 princi·

486 3164 552 3263 piis
567 3152 776 3231 sufficienter
792 3154 942 3256 probatis
953 3157 1127 3231 deducitur
1137 3166 1177 3249 (p.
1188 3164 1277 3250 ¹¹8),
1287 3158 1472 3256 probabilia
1488 3188 1503 3229 a
1523 3164 1619 3231 certis
1636 3155 1747 3230 distin·

487 3266 563 3361 guit
578 3262 623 3353 (ξ.
642 3264 740 3351 125.),
752 3265 860 3333 immo
878 3284 1014 3358 operam
1031 3258 1100 3347 dat,
1116 3284 1153 3330 ut
1172 3260 1212 3330 ab
1237 3260 1306 3332 aliis
1324 3258 1409 3332 dieta
1437 3262 1467 3335 a
1487 3261 1605 3333 clarius
1627 3258 1746 3331 intelli·

490 3384 632 3459 gantur,
659 3360 749 3433 &ad
764 3362 928 3459 majorem
944 3362 1149 3432 certitudinis
1165 3362 1307 3455 gradum
1323 3362 1566 3459 perducantur,
1591 3362 1622 3431 ἃ
1639 3385 1676 3431 ut
1692 3385 1746 3432 eo·

493 3490 573 3543 rum
585 3490 666 3537 cum
682 3465 803 3535 ceteris
818 3458 1011 3533 veritatibus
1026 3486 1129 3533 nexus
1140 3458 1358 3560 perspiciatur
1373 3467 1419 3552 (§.
1432 3468 1516 3554 161).
1524 3467 1639 3532 Tanto
1650 3465 1750 3549 igitur

499 3562 676 3641 intervallo
693 3556 945 3661 asuperfieiaria
960 3558 1156 3637 nmatione
1171 3562 1282 3650 distat,
1299 3587 1462 3660 quantum
1478 3589 1497 3632 a
1513 3586 1600 3633 terra
1616 3562 1750 3638 cerium.

500 3662 718 3743 Ostendimus
727 3666 770 3760 (p.
779 3667 849 3736 166.
851 3664 880 3755 )‚
903 3660 1089 3735 libertatem
1107 3659 1370 3763 philosophandi
1390 3666 1570 3733 convenire
1586 3660 1750 3733 methodo

493 3762 629 3873 philoso
654 3766 751 3852 hicae,
766 3766 875 3837 immo
892 3765 932 3837 ab
945 3760 1328 3863 easepararinonpoffe:
1344 3790 1414 3837 non
1423 3788 1504 3855 ergo
1514 3769 1648 3852 mirum,
1658 3762 1752 3859 quod

496 3792 895 3945 eoinctiirscientiaenon
911 3864 949 3937 fit
963 3866 1106 3939 inimica.
1159 3863 1262 3938 Sedfi
1279 3864 1465 3939 libert-rtem
1483 3862 1748 3964 philosophandi

494 3970 559 4047 fibi
570 3964 721 4055 sumunt,
734 3964 857 4065 quibus
873 3964 1035 4039 methodo
1052 3963 1286 4066 philosophica
1294 3969 1341 4037 uti
1351 3994 1420 4040 non
1432 3967 1545 4040 datum
1556 3968 1610 4055 est,
1620 3956 1720 4036 tums
1737 4006 1751 4022 ·

496 4067 688 4175 perficiat-ia
702 4065 856 4142 tardatio
864 4068 979 4140 locum
985 4066 1084 4140 habet
1098 4071 1343 4164 acopinionum
1352 4067 1497 4141 monstra
1506 4094 1628 4162 magno
1636 4090 1753 4139 nume·

497 4166 951 4249 rondcunntrflbilibertas
961 4167 1346 4268 philosophandicrulat,
1354 4168 1444 4242 haud
1452 4196 1529 4242 raro
1542 4166 1753 4242 scientiarum

496 4272 974 4351 culmranrmnenvertitur.
1012 4269 1753 4345 Undevexascreantautoribushominesim·

521 4370 670 4451 robisub
677 4376 996 4477 praetertuveritatis
1006 4372 1221 4459 vindicandae,
1233 4398 1317 4467 quos
1331 4375 1410 4446 odio
1427 4374 1497 4444 aliis
1506 4373 1546 4442 dc
1561 4370 1660 4444 caufis
1675 4392 1754 4465 pro·

492 4404 696 4581 aquantur.
745 4478 877 4547 Nonne
885 4479 1035 4547 Socrates
1044 4480 1186 4548 cicutam
1201 4472 1317 4547 bibere
1327 4471 1541 4560 coastusfuit
1552 4472 1643 4569 quod
1658 4494 1752 4540 accu-

495 4574 994 4677 {ireturquafiimpiadoceret
1001 4602 1037 4647 ac
1045 4578 1254 4674 juventutem
1264 4571 1449 4662 seduceret,
1464 4595 1644 4672 propterea
1662 4570 1755 4666 quod

503 4688 624 4779 hym
638 4680 761 4757 odium
773 4670 928 4753 adversus
935 4702 1013 4750 eum
1021 4699 1217 4775 conceperat
1225 4702 1264 4748 ex
1273 4670 1365 4748 causa
1374 4678 1664 4775 privat-ramme
1671 4676 1756 4765 Ana·

511 4810 663 4881 xqrras,
680 4804 806 4883 preter
842 4782 999 4868 Socratis,
1024 4807 1043 4850 a
1065 4783 1187 4853 Clcontc
1225 4780 1405 4879 impietatis
1443 4771 1632 4863 accusatus,
1666 4772 1758 4871 qnod

510 4886 617 4963 solen
629 4876 746 4963 seusun
760 4882 1122 4985 &rationiaexpertem
1133 4877 1304 4973 docuisset,
1313 4880 1456 4977 ideoque
1465 4881 1500 4950 in
1509 4900 1673 4955 carcerem
1683 4900 1760 5047 ppri-

1155 4987 1194 5055 N
1219 5005 1240 5080 3
1654 4986 1684 5075 jc
1721 4999 1759 5047 ut
