4834 5634
1303 762 1692 871 viribus
1706 765 1837 869 ad
1862 797 2195 871 verum
2212 768 2871 875 inveniendum
2909 777 3084 881 &a
3269 785 3492 910 807

856 1014 996 1079 aut
1012 978 2239 1105 experientiarumindubitatarum
2261 1024 2588 1077 numero
2619 996 2786 1077 sunt
2821 997 2925 1103 (§.
2977 1002 3215 1107 554).
3330 996 3486 1109 Ju-

856 1114 1117 1195 dicare
1131 1110 1325 1191 adeo
1341 1107 1564 1213 valet,
1603 1130 1855 1191 utrum
1874 1108 2293 1219 propofitio
2328 1113 2496 1193 data
2529 1108 2612 1195 fit
2644 1113 3187 1219 demonstrata,
3221 1140 3359 1195 nec
3395 1142 3491 1196 ne

852 1231 951 1415 (ς
992 1241 1157 1335 498
1184 1228 1496 1460 >Q20dfi
1513 1345 1734 1422 notio
1768 1336 2031 1421 formae
2046 1340 2706 1449 demonstrationis
2743 1335 2970 1419 fuerit
2998 1342 3484 1451 incompleta,

860 1461 1007 1569 qui
1022 1458 1289 1538 eadem
1306 1455 1647 1537 imbutus
1670 1457 1797 1561 est,
1814 1476 2027 1537 notas
2047 1482 2315 1538 omnes
2332 1456 2428 1536 ad
2448 1481 2612 1536 eam
2639 1455 3184 1561 agnoscendam
3217 1458 3488 1540 suffici—

874 1592 1093 1655 entes
1112 1597 1269 1652 non
1289 1573 1669 1676 distinguit
1693 1574 1801 1679 (§.
1825 1596 1948 1676 92.
1974 1574 2017 1675 )
2080 1592 2300 1683 atque
2333 1571 2528 1651 adeo
2549 1596 2646 1651 ex
2663 1589 2866 1679 parte
2885 1569 3190 1652 obscura
3210 1576 3314 1655 est
3383 1578 3492 1680 (ᾗ.

885 1688 1099 1793 80.),
1116 1714 1211 1769 ex
1234 1706 1437 1794 parte
1461 1685 1795 1769 distincta
1817 1688 1919 1794 (§.
1943 1692 2136 1793 88).
2253 1683 2461 1766 Fieri
2477 1685 2668 1766 adeo
2682 1686 2947 1793 potest,
2981 1706 3064 1766 ut
3079 1686 3496 1770 secundum

882 1808 1284 1887 notionem
1318 1801 1857 1910 incompletam
1894 1802 2232 1902 judicans
2249 1805 2346 1881 'in
2377 1827 2717 1883 errorem
2764 1800 3043 1882 incidat
3113 1804 3217 1909 (§.
3253 1804 3494 1911 633),

882 1918 1429 2029 consequenter
1460 1915 2065 2025 propositionem
2093 1916 2674 1998 demonstratam
2710 1914 2854 1997 effe
2904 1919 3224 2031 affirmet
3250 1982 3274 2023 ,
3333 1946 3494 2028 quae

876 2033 1379 2117 demonstrata
1402 2059 1561 2113 non
1578 2034 1681 2114 cst
1698 2034 1803 2141 (§.
1839 2034 2015 2137 624.
2026 2034 2083 2135 ).

1192 2145 1551 2257 Denique
1583 2176 1761 2229 cum
1796 2146 2004 2230 aliter
2019 2144 2318 2253 agnosci
2338 2172 2496 2229 non
2511 2148 2761 2254 poffit,
2779 2148 3499 2231 demonstrationem

878 2258 1027 2343 effe
1041 2267 1482 2369 genuinam,
1500 2260 1631 2344 nifi
1654 2283 1737 2344 ut
1757 2264 1832 2345 δι
1850 2260 2181 2347 formam
2198 2259 2640 2367 legitimam,
2675 2262 2750 2343 δι
2779 2266 3141 2371 principia
3175 2282 3373 2343 certa
3391 2262 3499 2343 es-

864 2374 1331 2486 .sc·agnostas
1350 2380 1473 2488 (§.'
1476 2406 1629 2484 551.
1656 2379 1731 2459 δι
1746 2379 1989 2491 seqq.)
2008 2408 2031 2472 3
2088 2375 2221 2459 ubi
2238 2374 2359 2457 vel
2378 2373 2710 2459 formam
2729 2441 2754 2482 ,
2771 2377 2891 2459 vel
2908 2380 3284 2486 principia,
3305 2377 3496 2477 diju-

864 2492 1141 2591 dicare
1160 2493 1683 2599 non'yalueris,
1698 2524 1839 2577 nec
1857 2516 2081 2577 certo·
2086 2492 2417 2595 iudicare
2433 2498 2748 2601 poteris,
2781 2512 3040 2576 utrum
3073 2491 3495 2602 propofitio

888 2606 1061 2693 data
1078 2610 1583 2721 demonstrata
1596 2608 1681 2707 fit
1700 2676 1725 2717 ,
1758 2638 1897 2695 nec
1930 2636 2055 2695 ne.
2152 2670 2199 2689 .-
2322 2674 2329 2681 .

1094 2760 1179 2829 In
1208 2754 1494 2827 Math‘efi
1535 2756 1837 2854 exempla
1869 2754 2063 2827 obvia
2094 2749 2263 2828 sunt.
2412 2756 2678 2831 Etenim
2708 2754 2755 2829 fi
2787 2758 2938 2854 quis
2965 2780 3214 2829 novam
3246 2778 3501 2855 propo-

1004 2862 1105 2931 nit
1136 2854 1789 2945 demonstrationem,
1822 2878 1969 2929 eam
2001 2863 2365 2949 genuinam
2390 2853 2810 2948 agnoscimus
2840 2882 2984 2929 tum
3007 2884 3086 2930 ex
3137 2854 3362 2929 forma
3409 2857 3504 2928 le·

1004 2961 1269 3053 gitima,
1318 2980 1466 3033 tum
1512 2986 1591 3031 ex
1625 2961 1974 3058 principiis
2004 2961 2217 3031 certis.
2319 2955 2572 3055 Qodfi
2603 2962 2941 3059 principia
2975 2958 3320 3056 quaedam,
3359 2962 3502 3055 qui·

1002 3058 1133 3133 bus
1160 3082 1355 3133 sutor
1385 3057 1966 3135 demonstrationis
2008 3062 2243 3148 utitur,
2286 3058 2482 3132 alteri
2513 3060 2822 3143 nondum
2857 3055 3506 3161 fuerint-perspesta,

1000 3160 1118 3238 etfi
1148 3165 1317 3236 circa
1350 3158 1645 3236 formam
1660 3162 1835 3235 nihil
1867 3161 2207 3249 desideret,
2256 3154 2321 3233 se
2368 3183 2598 3234 tamen
2628 3162 2922 3255 judicare
2962 3165 3269 3252 nondum
3320 3160 3509 3261 posse

1005 3258 1321 3359 agnoscit,
1350 3285 1579 3337 utrum
1611 3260 1980 3363 propositio
2010 3262 2159 3333 data
2188 3250 2636 3335 demonstrat'a
2664 3262 2780 3347 fit,
2869 3291 2992 3336 nec
3020 3289 3104 3335 ne
3131 3320 3148 3351 ,
3181 3263 3505 3361 quamdiu

1000 3367 1500 3466 principiorum
1538 3362 1816 3439 istorum
1834 3368 2182 3437 veritatem
2201 3386 2344 3435 non
2359 3356 2695 3462 perspicit.
2804 3368 2944 3463 Qui
2975 3361 3189 3436 studio
3240 3364 3505 3437 Mathe·

1006 3464 1157 3541 [εστ
1186 3470 1539 3539 notionem
1562 3462 1801 3539 formae
1837 3464 2430 3539 demonstrationis
2479 3463 2958 3563 incompletam
3009 3462 3128 3537 fibi
3168 3488 3508 3561 compara·

1012 3591 1178 3641 runt
1206 3571 1275 3639 in
1298 3568 1435 3663 ejus
1465 3551 1910 3666 applicitione
1932 3566 2241 3640 aberrant
2262 3622 2280 3653 ,
2327 3564 2448 3638 ubi
2476 3588 2656 3637 extra
2688 3566 2969 3638 eandem
3008 3561 3513 3639 demonstratio-

1004 3696 1127 3745 nes
1161 3667 1321 3740 dare
1340 3694 1687 3740 conantur.
1791 3668 2052 3740 Accidit
2082 3669 2215 3740 hoc
2242 3663 2363 3767 ipsi
2396 3671 2690 3761 Cartesto,
2735 3664 3372 3740 demonstrationem
3410 3692 3515 3739 ex-

1008 3768 1281 3843 istentiae
1314 3774 1444 3842 Dei
1462 3770 1859 3844 evoluturus
1890 3795 2081 3844 more
2116 3774 2641 3842 Geometrarum
2691 3771 2763 3841 in
2808 3768 3113 3843 Meditat.
3168 3767 3250 3843 de
3293 3772 3517 3868 prima

1060 3866 2039 3973 hilosophiap.m.85.&feqq.
2092 3897 2294 3969 quem
2337 3867 2634 3945 formam
2682 3868 3266 3947 demonstrationis
3301 3872 3522 3945 distin-

1009 3900 1117 4047 {te
1145 3974 1373 4043 animo
1408 3998 1547 4045 non
1581 3972 2153 4071 comprehendisse
2204 3974 2313 4045 vel
2357 3974 2595 4045 exinde
2640 3970 2890 4045 constat
2923 4028 2948 4060 ,
2994 3972 3176 4073 quod
3213 3970 3520 4071 syllogis-

1014 4101 1166 4149 mos
1183 4072 1508 4146 formales
1549 4072 1629 4143 ad
1660 4097 1807 4159 eam
1856 4080 2137 4150 minime
2182 4072 2572 4150 necess'arios
2597 4074 2848 4172 judicet
2877 4132 2894 4163 ,
2949 4100 3244 4172 quorum
3302 4099 3525 4147 tamen

1015 4180 1560 4251 concatenatione
1594 4168 1817 4247 forma
1848 4176 2428 4258 demonstrationis
2445 4174 2754 4271 legitimae
2771 4174 3134 4249 absolvitur
3175 4175 3267 4271 (§.
3293 4199 3418 4270 551.
3434 4176 3531 4273 2³&

1016 4272 1129 4377 seq'
1177 4286 1250 4376 .).
1357 4282 1672 4349 Ceterum
1706 4299 1888 4373 patet
1912 4302 2069 4351 eum
2099 4283 2615 4366 temeritas,tum
2647 4282 3025 4373 arrogantia
3057 4276 3354 4366 illorum,
3409 4304 3529 4376 qux

1021 4378 1105 4451 de
1130 4304 1357 4455 {orma
1374 4376 2019 4453 demonstrationum
2038 4382 2357 4479 judicium
2385 4376 2506 4452 fibi
2538 4378 2807 4453 sumunt
2827 4376 2996 4469 ,ubi
3047 4378 3300 4453 nullam
3337 4406 3530 4481 pror-

1028 4476 1134 4555 sus
1167 4480 1799 4558 demonstrationem
1826 4487 2049 4557 animo
2074 4506 2373 4581 unquam
2413 4504 2910 4583 conceperunt,
2955 4487 3164 4555 necin
3182 4485 3532 4555 veritatem

1022 4586 1247 4685 princi
1298 4588 1523 4659 iorum
1536 4582 2043 4682 inquisiverunt,
2070 4608 2185 4659 aut
2200 4584 2281 4663 de
2298 4580 2524 4659 forma
2565 4583 3152 4661 demonstrationis
3189 4608 3268 4658 ex
3312 4586 3533 4659 notio-

846 4750 855 4759 .
1024 4681 1195 4763 nefa
1286 4742 1307 4779 ,
1326 4686 1435 4765 vel
1451 4684 1877 4793 ‘incompleta
1907 4684 2219 4765 statuunt.

3262 4886 3322 4999 §.
3345 4914 3546 4996 1150.
