<?xml version="1.0" encoding="UTF-8"?>
<!DOCTYPE html PUBLIC "-//W3C//DTD XHTML 1.0 Transitional//EN"
    "http://www.w3.org/TR/xhtml1/DTD/xhtml1-transitional.dtd">
<html xmlns="http://www.w3.org/1999/xhtml" xml:lang="en" lang="en">
 <head>
  <title>
</title>
<meta http-equiv="Content-Type" content="text/html;charset=utf-8" />
  <meta name='ocr-system' content='tesseract 3.04.00' />
  <meta name='ocr-capabilities' content='ocr_page ocr_carea ocr_par ocr_line ocrx_word'/>
</head>
<body>
  <div class='ocr_page' id='page_1' title='image "./philosophiarati00wolfgoog_0788.png"; bbox 0 0 4834 5634; ppageno 0'>
   <div class='ocr_carea' id='block_1_1' title="bbox 792 708 1853 927">
    <p class='ocr_par' dir='ltr' id='par_1_1' title="bbox 670 708 1853 927">
     <span class='ocr_line' id='line_1_1' title="bbox 792 708 1853 927; baseline 0.046 -54.328"><span class='ocrx_word' id='word_1_1' title='bbox 792 778 899 927; x_wconf 74' lang='lat' dir='ltr'>-De</span> <span class='ocrx_word' id='word_1_2' title='bbox 919 775 1134 885; x_wconf 84' lang='lat' dir='ltr'><em>methodo</em></span> <span class='ocrx_word' id='word_1_3' title='bbox 1150 777 1410 883; x_wconf 74' lang='lat' dir='ltr'>docendi-</span> <span class='ocrx_word' id='word_1_4' title='bbox 1642 798 1749 920; x_wconf 84' lang='lat'>789</span> <span class='ocrx_word' id='word_1_5' title='bbox 1850 708 1853 721; x_wconf 94' lang='lat'><em>·</em></span> 
     </span>
    </p>
   </div>
   <div class='ocr_carea' id='block_1_2' title="bbox 385 990 1747 2265">
    <p class='ocr_par' dir='ltr' id='par_1_2' title="bbox 385 990 1747 1119">
     <span class='ocr_line' id='line_1_2' title="bbox 385 990 1747 1119; baseline -0.001 -27"><span class='ocrx_word' id='word_1_6' title='bbox 385 1018 388 1025; x_wconf 86' lang='lat'>&#39;</span> <span class='ocrx_word' id='word_1_7' title='bbox 440 1004 791 1099; x_wconf 60' lang='lat' dir='ltr'>inconvenientibus</span> <span class='ocrx_word' id='word_1_8' title='bbox 816 990 1049 1107; x_wconf 66' lang='lat' dir='ltr'>reprimendi.</span> <span class='ocrx_word' id='word_1_9' title='bbox 1108 1000 1266 1087; x_wconf 83' lang='lat' dir='ltr'>Etenim</span> <span class='ocrx_word' id='word_1_10' title='bbox 1301 1027 1418 1083; x_wconf 86' lang='lat' dir='ltr'>nemo</span> <span class='ocrx_word' id='word_1_11' title='bbox 1446 1000 1611 1109; x_wconf 83' lang='lat' dir='ltr'>dubitat,</span> <span class='ocrx_word' id='word_1_12' title='bbox 1641 1012 1747 1119; x_wconf 89' lang='lat' dir='ltr'>quod</span> 
     </span>
    </p>

    <p class='ocr_par' dir='ltr' id='par_1_3' title="bbox 397 1114 1744 1345">
     <span class='ocr_line' id='line_1_3' title="bbox 397 1114 1744 1231; baseline 0.001 -28"><span class='ocrx_word' id='word_1_13' title='bbox 397 1136 408 1161; x_wconf 86' lang='lat'>‘</span> <span class='ocrx_word' id='word_1_14' title='bbox 432 1124 575 1203; x_wconf 90' lang='lat' dir='ltr'>docens</span> <span class='ocrx_word' id='word_1_15' title='bbox 591 1145 654 1231; x_wconf 79' lang='lat' dir='ltr'>ea,</span> <span class='ocrx_word' id='word_1_16' title='bbox 684 1148 765 1231; x_wconf 79' lang='lat' dir='ltr'>quae</span> <span class='ocrx_word' id='word_1_17' title='bbox 783 1114 966 1219; x_wconf 66' lang='lat' dir='ltr'>docturus</span> <span class='ocrx_word' id='word_1_18' title='bbox 986 1121 1038 1200; x_wconf 83' lang='lat' dir='ltr'>est</span> <span class='ocrx_word' id='word_1_19' title='bbox 1057 1118 1173 1221; x_wconf 71' lang='lat' dir='ltr'>elion,</span> <span class='ocrx_word' id='word_1_20' title='bbox 1200 1121 1358 1227; x_wconf 84' lang='lat' dir='ltr'>ipsemet</span> <span class='ocrx_word' id='word_1_21' title='bbox 1374 1114 1583 1224; x_wconf 80' lang='lat' dir='ltr'>intelligere</span> <span class='ocrx_word' id='word_1_22' title='bbox 1602 1122 1744 1206; x_wconf 81' lang='lat' dir='ltr'>debent.</span> 
     </span>
     <span class='ocr_line' id='line_1_4' title="bbox 427 1232 1744 1345; baseline -0.001 -25"><span class='ocrx_word' id='word_1_23' title='bbox 427 1234 538 1321; x_wconf 89' lang='lat' dir='ltr'>Pone</span> <span class='ocrx_word' id='word_1_24' title='bbox 553 1254 682 1315; x_wconf 82' lang='lat' dir='ltr'>autem</span> <span class='ocrx_word' id='word_1_25' title='bbox 711 1262 802 1315; x_wconf 90' lang='lat' dir='ltr'>eum</span> <span class='ocrx_word' id='word_1_26' title='bbox 830 1259 909 1313; x_wconf 88' lang='lat' dir='ltr'>non</span> <span class='ocrx_word' id='word_1_27' title='bbox 924 1232 1062 1317; x_wconf 75' lang='lat' dir='ltr'>habete</span> <span class='ocrx_word' id='word_1_28' title='bbox 1084 1238 1294 1317; x_wconf 85' lang='lat' dir='ltr'>eorundem</span> <span class='ocrx_word' id='word_1_29' title='bbox 1320 1238 1515 1315; x_wconf 87' lang='lat' dir='ltr'>notiones:</span> <span class='ocrx_word' id='word_1_30' title='bbox 1545 1235 1657 1318; x_wconf 81' lang='lat' dir='ltr'>verba</span> <span class='ocrx_word' id='word_1_31' title='bbox 1673 1245 1744 1345; x_wconf 86' lang='lat' dir='ltr'>igi-</span> 
     </span>
    </p>

    <p class='ocr_par' dir='ltr' id='par_1_4' title="bbox 401 1346 1746 2265">
     <span class='ocr_line' id='line_1_5' title="bbox 401 1346 1744 1461; baseline 0.001 -26"><span class='ocrx_word' id='word_1_32' title='bbox 401 1372 511 1457; x_wconf 75' lang='lat' dir='ltr'>tur,</span> <span class='ocrx_word' id='word_1_33' title='bbox 540 1377 622 1461; x_wconf 80' lang='lat' dir='ltr'>quot</span> <span class='ocrx_word' id='word_1_34' title='bbox 641 1346 821 1457; x_wconf 75' lang='lat' dir='ltr'>profert,</span> <span class='ocrx_word' id='word_1_35' title='bbox 847 1368 957 1429; x_wconf 88' lang='lat' dir='ltr'>erunt</span> <span class='ocrx_word' id='word_1_36' title='bbox 982 1346 1058 1433; x_wconf 85' lang='lat' dir='ltr'>fine</span> <span class='ocrx_word' id='word_1_37' title='bbox 1072 1373 1202 1435; x_wconf 85' lang='lat' dir='ltr'>mente</span> <span class='ocrx_word' id='word_1_38' title='bbox 1224 1350 1366 1461; x_wconf 83' lang='lat' dir='ltr'>sonus,</span> <span class='ocrx_word' id='word_1_39' title='bbox 1393 1350 1664 1459; x_wconf 81' lang='lat' dir='ltr'>consequenter</span> <span class='ocrx_word' id='word_1_40' title='bbox 1689 1353 1744 1437; x_wconf 84' lang='lat' dir='ltr'>nii</span> 
     </span>
     <span class='ocr_line' id='line_1_6' title="bbox 426 1462 1582 1585; baseline -0.003 -36"><span class='ocrx_word' id='word_1_41' title='bbox 426 1473 633 1585; x_wconf 81' lang='lat' dir='ltr'>quicquam</span> <span class='ocrx_word' id='word_1_42' title='bbox 653 1492 790 1547; x_wconf 89' lang='lat' dir='ltr'>eorum</span> <span class='ocrx_word' id='word_1_43' title='bbox 805 1462 1002 1569; x_wconf 83' lang='lat' dir='ltr'>intelligit,</span> <span class='ocrx_word' id='word_1_44' title='bbox 1030 1494 1111 1577; x_wconf 77' lang='lat' dir='ltr'>quet</span> <span class='ocrx_word' id='word_1_45' title='bbox 1129 1464 1289 1553; x_wconf 83' lang='lat' dir='ltr'>aiterum</span> <span class='ocrx_word' id='word_1_46' title='bbox 1306 1466 1445 1547; x_wconf 87' lang='lat' dir='ltr'>docere</span> <span class='ocrx_word' id='word_1_47' title='bbox 1460 1463 1582 1553; x_wconf 88' lang='lat' dir='ltr'>debet.</span> 
     </span>
     <span class='ocr_line' id='line_1_7' title="bbox 421 1572 1741 1699; baseline 0.004 -39"><span class='ocrx_word' id='word_1_48' title='bbox 421 1588 427 1598; x_wconf 86' lang='grc'><em>“</em></span> <span class='ocrx_word' id='word_1_49' title='bbox 573 1572 773 1699; x_wconf 79' lang='lat' dir='ltr'>Qoniam</span> <span class='ocrx_word' id='word_1_50' title='bbox 796 1605 888 1660; x_wconf 87' lang='lat' dir='ltr'>vcro</span> <span class='ocrx_word' id='word_1_51' title='bbox 905 1576 1017 1659; x_wconf 80' lang='lat' dir='ltr'>verba</span> <span class='ocrx_word' id='word_1_52' title='bbox 1034 1582 1117 1661; x_wconf 88' lang='lat' dir='ltr'>sunt</span> <span class='ocrx_word' id='word_1_53' title='bbox 1132 1579 1232 1687; x_wconf 75' lang='lat' dir='ltr'>figna</span> <span class='ocrx_word' id='word_1_54' title='bbox 1261 1584 1487 1688; x_wconf 87' lang='lat' dir='ltr'>notionum,</span> <span class='ocrx_word' id='word_1_55' title='bbox 1512 1579 1651 1691; x_wconf 86' lang='lat' dir='ltr'>quibus</span> <span class='ocrx_word' id='word_1_56' title='bbox 1678 1607 1741 1665; x_wconf 84' lang='lat' dir='ltr'>eas</span> 
     </span>
     <span class='ocr_line' id='line_1_8' title="bbox 433 1691 1744 1801; baseline 0.001 -25"><span class='ocrx_word' id='word_1_57' title='bbox 433 1691 542 1777; x_wconf 80' lang='lat' dir='ltr'>alteri</span> <span class='ocrx_word' id='word_1_58' title='bbox 557 1695 800 1801; x_wconf 83' lang='lat' dir='ltr'>indigitamus</span> <span class='ocrx_word' id='word_1_59' title='bbox 816 1695 995 1801; x_wconf 57' lang='grc' dir='ltr'>(Μὰ),</span> <span class='ocrx_word' id='word_1_60' title='bbox 1024 1695 1182 1779; x_wconf 80' lang='lat' dir='ltr'>aiterum</span> <span class='ocrx_word' id='word_1_61' title='bbox 1211 1723 1304 1777; x_wconf 86' lang='lat' dir='ltr'>vero</span> <span class='ocrx_word' id='word_1_62' title='bbox 1335 1692 1518 1777; x_wconf 75' lang='lat' dir='ltr'>dosiurus</span> <span class='ocrx_word' id='word_1_63' title='bbox 1535 1696 1686 1776; x_wconf 81' lang='lat' dir='ltr'>eosdem</span> <span class='ocrx_word' id='word_1_64' title='bbox 1704 1700 1744 1777; x_wconf 92' lang='lat' dir='ltr'>in</span> 
     </span>
     <span class='ocr_line' id='line_1_9' title="bbox 434 1806 1744 1926; baseline 0 -35"><span class='ocrx_word' id='word_1_65' title='bbox 434 1812 566 1891; x_wconf 81' lang='lat' dir='ltr'>animo</span> <span class='ocrx_word' id='word_1_66' title='bbox 582 1810 661 1911; x_wconf 84' lang='lat' dir='ltr'>ejus</span> <span class='ocrx_word' id='word_1_67' title='bbox 679 1815 842 1891; x_wconf 81' lang='lat' dir='ltr'>excitare</span> <span class='ocrx_word' id='word_1_68' title='bbox 859 1807 972 1893; x_wconf 88' lang='lat' dir='ltr'>debet</span> <span class='ocrx_word' id='word_1_69' title='bbox 987 1814 1181 1915; x_wconf 88' lang='lat' dir='ltr'>notiones,</span> <span class='ocrx_word' id='word_1_70' title='bbox 1198 1837 1290 1923; x_wconf 84' lang='lat' dir='ltr'>quas</span> <span class='ocrx_word' id='word_1_71' title='bbox 1307 1810 1381 1918; x_wconf 87' lang='lat' dir='ltr'>ipse</span> <span class='ocrx_word' id='word_1_72' title='bbox 1390 1806 1517 1912; x_wconf 74' lang='lat' dir='ltr'>herber,</span> <span class='ocrx_word' id='word_1_73' title='bbox 1527 1831 1592 1926; x_wconf 78' lang='lat' dir='ltr'>per·</span> <span class='ocrx_word' id='word_1_74' title='bbox 1600 1832 1744 1917; x_wconf 81' lang='lat' dir='ltr'>partem</span> 
     </span>
     <span class='ocr_line' id='line_1_10' title="bbox 424 1922 1746 2037; baseline 0.002 -34"><span class='ocrx_word' id='word_1_75' title='bbox 424 1930 585 2031; x_wconf 83' lang='lat' dir='ltr'>primam</span> <span class='ocrx_word' id='word_1_76' title='bbox 599 1925 700 2023; x_wconf 65' lang='lat' dir='ltr'>hujus</span> <span class='ocrx_word' id='word_1_77' title='bbox 710 1928 755 2005; x_wconf 76' lang='lat' dir='ltr'>u’</span> <span class='ocrx_word' id='word_1_78' title='bbox 771 1922 1009 2030; x_wconf 77' lang='lat' dir='ltr'>defhtitionem</span> <span class='ocrx_word' id='word_1_79' title='bbox 1013 1934 1258 2037; x_wconf 66' lang='lat' dir='ltr'>precedentem</span> <span class='ocrx_word' id='word_1_80' title='bbox 1274 1928 1477 2034; x_wconf 62' lang='lat' dir='ltr'><strong>(s.·1118.);</strong></span> <span class='ocrx_word' id='word_1_81' title='bbox 1493 1922 1746 2033; x_wconf 77' lang='lat' dir='ltr'>facultate-uti-</span> 
     </span>
     <span class='ocr_line' id='line_1_11' title="bbox 432 2036 1746 2151; baseline 0.003 -33"><span class='ocrx_word' id='word_1_82' title='bbox 432 2066 509 2151; x_wconf 85' lang='lat' dir='ltr'>que</span> <span class='ocrx_word' id='word_1_83' title='bbox 523 2036 723 2120; x_wconf 76' lang='lat' dir='ltr'>insstnt‘ius</span> <span class='ocrx_word' id='word_1_84' title='bbox 741 2039 811 2121; x_wconf 87' lang='lat' dir='ltr'>esse</span> <span class='ocrx_word' id='word_1_85' title='bbox 829 2038 941 2119; x_wconf 84' lang='lat' dir='ltr'>debet</span> <span class='ocrx_word' id='word_1_86' title='bbox 964 2045 1143 2123; x_wconf 87' lang='lat' dir='ltr'>notiones</span> <span class='ocrx_word' id='word_1_87' title='bbox 1167 2039 1325 2150; x_wconf 84' lang='lat' dir='ltr'>fingulns</span> <span class='ocrx_word' id='word_1_88' title='bbox 1342 2056 1432 2122; x_wconf 86' lang='lat' dir='ltr'>cu&#39;m</span> <span class='ocrx_word' id='word_1_89' title='bbox 1450 2036 1613 2123; x_wconf 85' lang='lat' dir='ltr'>discente</span> <span class='ocrx_word' id='word_1_90' title='bbox 1636 2068 1746 2122; x_wconf 91' lang='lat' dir='ltr'>com-</span> 
     </span>
     <span class='ocr_line' id='line_1_12' title="bbox 432 2152 1414 2265; baseline -0.005 -26"><span class='ocrx_word' id='word_1_91' title='bbox 432 2155 678 2239; x_wconf 81' lang='lat' dir='ltr'>ntunictrndas</span> <span class='ocrx_word' id='word_1_92' title='bbox 697 2152 820 2239; x_wconf 88' lang='lat' dir='ltr'>verbis</span> <span class='ocrx_word' id='word_1_93' title='bbox 838 2155 1150 2242; x_wconf 83' lang='lat' dir='ltr'>convenientibus</span> <span class='ocrx_word' id='word_1_94' title='bbox 1165 2154 1414 2265; x_wconf 85' lang='lat' dir='ltr'>exprimendi.</span> 
     </span>
    </p>
   </div>
   <div class='ocr_carea' id='block_1_3' title="bbox 486 2296 1746 3412">
    <p class='ocr_par' dir='ltr' id='par_1_5' title="bbox 486 2296 1746 3412">
     <span class='ocr_line' id='line_1_13' title="bbox 537 2296 1740 2393; baseline -0.006 -22"><span class='ocrx_word' id='word_1_95' title='bbox 537 2303 575 2371; x_wconf 86' lang='lat' dir='ltr'>E.</span> <span class='ocrx_word' id='word_1_96' title='bbox 587 2326 636 2393; x_wconf 85' lang='lat' dir='ltr'>gr.</span> <span class='ocrx_word' id='word_1_97' title='bbox 664 2304 874 2372; x_wconf 80' lang='lat' dir='ltr'>Gconterriam</span> <span class='ocrx_word' id='word_1_98' title='bbox 889 2302 970 2370; x_wconf 82' lang='lat' dir='ltr'>alios</span> <span class='ocrx_word' id='word_1_99' title='bbox 982 2298 1297 2377; x_wconf 66' lang='lat' dir='ltr'>dorserurnotiones</span> <span class='ocrx_word' id='word_1_100' title='bbox 1306 2296 1431 2373; x_wconf 82' lang='lat' dir='ltr'>habere</span> <span class='ocrx_word' id='word_1_101' title='bbox 1445 2296 1544 2371; x_wconf 87' lang='lat' dir='ltr'>debet</span> <span class='ocrx_word' id='word_1_102' title='bbox 1554 2296 1740 2391; x_wconf 83' lang='lat' dir='ltr'>figurarum</span> 
     </span>
     <span class='ocr_line' id='line_1_14' title="bbox 487 2392 1741 2498; baseline -0.005 -25"><span class='ocrx_word' id='word_1_103' title='bbox 487 2401 521 2473; x_wconf 78' lang='grc' dir='ltr'>δι</span> <span class='ocrx_word' id='word_1_104' title='bbox 536 2403 606 2498; x_wconf 84' lang='lat' dir='ltr'>ejus</span> <span class='ocrx_word' id='word_1_105' title='bbox 622 2425 687 2498; x_wconf 88' lang='lat' dir='ltr'>pro</span> <span class='ocrx_word' id='word_1_106' title='bbox 714 2405 868 2473; x_wconf 82' lang='lat' dir='ltr'>rietatum</span> <span class='ocrx_word' id='word_1_107' title='bbox 888 2401 1135 2473; x_wconf 79' lang='lat' dir='ltr'>aerelationum</span> <span class='ocrx_word' id='word_1_108' title='bbox 1148 2400 1188 2471; x_wconf 83' lang='lat' dir='ltr'>ad</span> <span class='ocrx_word' id='word_1_109' title='bbox 1203 2398 1400 2489; x_wconf 86' lang='lat' dir='ltr'>seinvicem,</span> <span class='ocrx_word' id='word_1_110' title='bbox 1415 2401 1456 2477; x_wconf 88' lang='lat' dir='ltr'>de</span> <span class='ocrx_word' id='word_1_111' title='bbox 1470 2399 1634 2498; x_wconf 84' lang='lat' dir='ltr'>quibusin</span> <span class='ocrx_word' id='word_1_112' title='bbox 1650 2392 1741 2467; x_wconf 85' lang='lat' dir='ltr'>Geo-</span> 
     </span>
     <span class='ocr_line' id='line_1_15' title="bbox 486 2427 1741 2607; baseline -0.005 -35"><span class='ocrx_word' id='word_1_113' title='bbox 486 2507 608 2575; x_wconf 81' lang='lat' dir='ltr'>metria</span> <span class='ocrx_word' id='word_1_114' title='bbox 624 2427 800 2589; x_wconf 60' lang='lat' dir='ltr'>trassatur,</span> <span class='ocrx_word' id='word_1_115' title='bbox 811 2528 873 2573; x_wconf 87' lang='lat' dir='ltr'>nec</span> <span class='ocrx_word' id='word_1_116' title='bbox 888 2503 1001 2575; x_wconf 82' lang='lat' dir='ltr'>minus</span> <span class='ocrx_word' id='word_1_117' title='bbox 1017 2499 1125 2575; x_wconf 87' lang='lat' dir='ltr'>eidem</span> <span class='ocrx_word' id='word_1_118' title='bbox 1139 2499 1302 2607; x_wconf 73' lang='lat' dir='ltr'>perspesti</span> <span class='ocrx_word' id='word_1_119' title='bbox 1320 2499 1381 2573; x_wconf 84' lang='lat' dir='ltr'>esse</span> <span class='ocrx_word' id='word_1_120' title='bbox 1391 2498 1513 2572; x_wconf 87' lang='lat' dir='ltr'>debent</span> <span class='ocrx_word' id='word_1_121' title='bbox 1521 2499 1741 2591; x_wconf 68' lang='lat' dir='ltr'>terminiqui·</span> 
     </span>
     <span class='ocr_line' id='line_1_16' title="bbox 486 2599 1741 2704; baseline -0.005 -29"><span class='ocrx_word' id='word_1_122' title='bbox 486 2603 551 2675; x_wconf 86' lang='lat' dir='ltr'>bus</span> <span class='ocrx_word' id='word_1_123' title='bbox 567 2602 640 2674; x_wconf 77' lang='lat' dir='ltr'>illas</span> <span class='ocrx_word' id='word_1_124' title='bbox 655 2608 848 2703; x_wconf 85' lang='lat' dir='ltr'>exprimunt</span> <span class='ocrx_word' id='word_1_125' title='bbox 863 2606 1063 2676; x_wconf 81' lang='lat' dir='ltr'>Geometrae.</span> <span class='ocrx_word' id='word_1_126' title='bbox 1108 2609 1160 2677; x_wconf 81' lang='lat' dir='ltr'>Ita</span> <span class='ocrx_word' id='word_1_127' title='bbox 1185 2606 1331 2704; x_wconf 82' lang='lat' dir='ltr'>Logicam</span> <span class='ocrx_word' id='word_1_128' title='bbox 1346 2607 1426 2676; x_wconf 82' lang='lat' dir='ltr'>aiios</span> <span class='ocrx_word' id='word_1_129' title='bbox 1445 2602 1595 2675; x_wconf 74' lang='lat' dir='ltr'>dot‘iurus</span> <span class='ocrx_word' id='word_1_130' title='bbox 1612 2599 1741 2691; x_wconf 77' lang='lat' dir='ltr'>regule·</span> 
     </span>
     <span class='ocr_line' id='line_1_17' title="bbox 489 2696 1746 2796; baseline -0.005 -20"><span class='ocrx_word' id='word_1_131' title='bbox 489 2730 566 2777; x_wconf 89' lang='lat' dir='ltr'>rum</span> <span class='ocrx_word' id='word_1_132' title='bbox 586 2705 770 2796; x_wconf 77' lang='lat' dir='ltr'>logicarum</span> <span class='ocrx_word' id='word_1_133' title='bbox 799 2704 1075 2777; x_wconf 83' lang='lat' dir='ltr'>&amp;terminorum</span> <span class='ocrx_word' id='word_1_134' title='bbox 1100 2710 1135 2777; x_wconf 92' lang='lat' dir='ltr'>in</span> <span class='ocrx_word' id='word_1_135' title='bbox 1157 2730 1197 2777; x_wconf 81' lang='lat' dir='ltr'>ea</span> <span class='ocrx_word' id='word_1_136' title='bbox 1214 2706 1409 2778; x_wconf 77' lang='lat' dir='ltr'>ustatorum</span> <span class='ocrx_word' id='word_1_137' title='bbox 1435 2707 1552 2777; x_wconf 80' lang='lat' dir='ltr'>notitia</span> <span class='ocrx_word' id='word_1_138' title='bbox 1566 2696 1746 2775; x_wconf 78' lang='lat' dir='ltr'>instrustus</span> 
     </span>
     <span class='ocr_line' id='line_1_18' title="bbox 493 2801 1744 2892; baseline -0.007 -15"><span class='ocrx_word' id='word_1_139' title='bbox 493 2803 557 2879; x_wconf 78' lang='lat' dir='ltr'>esse</span> <span class='ocrx_word' id='word_1_140' title='bbox 573 2804 682 2879; x_wconf 83' lang='lat' dir='ltr'>debet.</span> <span class='ocrx_word' id='word_1_141' title='bbox 726 2802 802 2877; x_wconf 62' lang='lat' dir='ltr'>&#39;Etst</span> <span class='ocrx_word' id='word_1_142' title='bbox 818 2826 929 2877; x_wconf 80' lang='lat' dir='ltr'>eutem</span> <span class='ocrx_word' id='word_1_143' title='bbox 946 2807 1018 2876; x_wconf 81' lang='lat' dir='ltr'>htcc</span> <span class='ocrx_word' id='word_1_144' title='bbox 1036 2807 1118 2878; x_wconf 86' lang='lat' dir='ltr'>adeo</span> <span class='ocrx_word' id='word_1_145' title='bbox 1135 2808 1299 2880; x_wconf 83' lang='lat' dir='ltr'>evidentia</span> <span class='ocrx_word' id='word_1_146' title='bbox 1316 2805 1507 2892; x_wconf 85' lang='lat' dir='ltr'>videantur,</span> <span class='ocrx_word' id='word_1_147' title='bbox 1537 2826 1576 2874; x_wconf 83' lang='lat' dir='ltr'>ut</span> <span class='ocrx_word' id='word_1_148' title='bbox 1593 2803 1634 2878; x_wconf 87' lang='lat' dir='ltr'>de</span> <span class='ocrx_word' id='word_1_149' title='bbox 1650 2801 1744 2871; x_wconf 90' lang='lat' dir='ltr'>iisdi·</span> 
     </span>
     <span class='ocr_line' id='line_1_19' title="bbox 493 2898 1742 3004; baseline -0.007 -26"><span class='ocrx_word' id='word_1_150' title='bbox 493 2930 567 2979; x_wconf 86' lang='lat' dir='ltr'>cere</span> <span class='ocrx_word' id='word_1_151' title='bbox 582 2900 863 3004; x_wconf 77' lang='lat' dir='ltr'>supervacaneum</span> <span class='ocrx_word' id='word_1_152' title='bbox 879 2904 1059 2993; x_wconf 76' lang='lat' dir='ltr'>habentur3</span> <span class='ocrx_word' id='word_1_153' title='bbox 1086 2911 1195 3003; x_wconf 77' lang='lat' dir='ltr'>praxis</span> <span class='ocrx_word' id='word_1_154' title='bbox 1213 2930 1324 2981; x_wconf 81' lang='lat' dir='ltr'>tamen</span> <span class='ocrx_word' id='word_1_155' title='bbox 1341 2909 1507 2980; x_wconf 81' lang='lat' dir='ltr'>contraria</span> <span class='ocrx_word' id='word_1_156' title='bbox 1525 2929 1595 2979; x_wconf 89' lang='lat' dir='ltr'>non</span> <span class='ocrx_word' id='word_1_157' title='bbox 1612 2900 1679 2974; x_wconf 88' lang='lat' dir='ltr'>sine</span> <span class='ocrx_word' id='word_1_158' title='bbox 1695 2898 1742 2968; x_wconf 89' lang='lat' dir='ltr'>di-</span> 
     </span>
     <span class='ocr_line' id='line_1_20' title="bbox 489 2994 1745 3099; baseline -0.01 -16"><span class='ocrx_word' id='word_1_159' title='bbox 489 3002 648 3083; x_wconf 78' lang='lat' dir='ltr'>[centium</span> <span class='ocrx_word' id='word_1_160' title='bbox 677 3006 835 3080; x_wconf 80' lang='lat' dir='ltr'>damnor</span> <span class='ocrx_word' id='word_1_161' title='bbox 855 3009 1007 3081; x_wconf 85' lang='lat' dir='ltr'>motibus</span> <span class='ocrx_word' id='word_1_162' title='bbox 1024 3008 1142 3082; x_wconf 84' lang='lat' dir='ltr'>nostris</span> <span class='ocrx_word' id='word_1_163' title='bbox 1157 3035 1229 3085; x_wconf 89' lang='lat' dir='ltr'>non</span> <span class='ocrx_word' id='word_1_164' title='bbox 1257 3008 1423 3085; x_wconf 73' lang='lat' dir='ltr'>abhorret,</span> <span class='ocrx_word' id='word_1_165' title='bbox 1475 3009 1653 3078; x_wconf 84' lang='lat' dir='ltr'>Rationem</span> <span class='ocrx_word' id='word_1_166' title='bbox 1676 2994 1745 3099; x_wconf 85' lang='lat' dir='ltr'>ipsa</span> 
     </span>
     <span class='ocr_line' id='line_1_21' title="bbox 486 3102 1745 3211; baseline -0.006 -28"><span class='ocrx_word' id='word_1_167' title='bbox 486 3108 675 3209; x_wconf 83' lang='lat' dir='ltr'>propostio</span> <span class='ocrx_word' id='word_1_168' title='bbox 691 3108 942 3209; x_wconf 83' lang='lat' dir='ltr'>infinuat,quod</span> <span class='ocrx_word' id='word_1_169' title='bbox 959 3108 1080 3184; x_wconf 86' lang='lat' dir='ltr'>scilicet</span> <span class='ocrx_word' id='word_1_170' title='bbox 1095 3137 1166 3187; x_wconf 91' lang='lat' dir='ltr'>non</span> <span class='ocrx_word' id='word_1_171' title='bbox 1181 3111 1408 3211; x_wconf 83' lang='lat' dir='ltr'>perpendunt,</span> <span class='ocrx_word' id='word_1_172' title='bbox 1424 3102 1455 3179; x_wconf 90' lang='lat' dir='ltr'>se</span> <span class='ocrx_word' id='word_1_173' title='bbox 1471 3135 1540 3181; x_wconf 89' lang='lat' dir='ltr'>non</span> <span class='ocrx_word' id='word_1_174' title='bbox 1557 3104 1745 3197; x_wconf 85' lang='lat' dir='ltr'>intelligere</span> 
     </span>
     <span class='ocr_line' id='line_1_22' title="bbox 489 3210 1745 3309; baseline 0 -27"><span class='ocrx_word' id='word_1_175' title='bbox 489 3234 545 3299; x_wconf 82' lang='lat' dir='ltr'>ea,</span> <span class='ocrx_word' id='word_1_176' title='bbox 569 3237 716 3307; x_wconf 86' lang='lat' dir='ltr'>quorum</span> <span class='ocrx_word' id='word_1_177' title='bbox 735 3210 976 3283; x_wconf 75' lang='lat' dir='ltr'>nulitshabent</span> <span class='ocrx_word' id='word_1_178' title='bbox 992 3215 1156 3301; x_wconf 86' lang='lat' dir='ltr'>notiones,</span> <span class='ocrx_word' id='word_1_179' title='bbox 1172 3239 1235 3283; x_wconf 88' lang='lat' dir='ltr'>nec</span> <span class='ocrx_word' id='word_1_180' title='bbox 1251 3217 1406 3284; x_wconf 85' lang='lat' dir='ltr'>notiones</span> <span class='ocrx_word' id='word_1_181' title='bbox 1424 3210 1644 3309; x_wconf 77' lang='lat' dir='ltr'>deceptrices²</span> <span class='ocrx_word' id='word_1_182' title='bbox 1671 3231 1745 3307; x_wconf 82' lang='lat' dir='ltr'>quae</span> 
     </span>
     <span class='ocr_line' id='line_1_23' title="bbox 490 3307 1359 3412; baseline -0.006 -25"><span class='ocrx_word' id='word_1_183' title='bbox 490 3310 599 3388; x_wconf 80' lang='lat' dir='ltr'>verbis</span> <span class='ocrx_word' id='word_1_184' title='bbox 621 3307 772 3412; x_wconf 89' lang='lat' dir='ltr'>ipsorum</span> <span class='ocrx_word' id='word_1_185' title='bbox 793 3307 1016 3412; x_wconf 84' lang='lat' dir='ltr'>respondent,</span> <span class='ocrx_word' id='word_1_186' title='bbox 1042 3307 1226 3385; x_wconf 88' lang='lat' dir='ltr'>discernere</span> <span class='ocrx_word' id='word_1_187' title='bbox 1239 3314 1359 3385; x_wconf 83' lang='lat' dir='ltr'>valent.</span> 
     </span>
    </p>
   </div>
   <div class='ocr_carea' id='block_1_4' title="bbox 1004 3484 1191 3592">
    <p class='ocr_par' dir='ltr' id='par_1_6' title="bbox 1004 3484 1191 3592">
     <span class='ocr_line' id='line_1_24' title="bbox 1004 3484 1191 3592; baseline -0.005 -26"><span class='ocrx_word' id='word_1_188' title='bbox 1004 3484 1035 3592; x_wconf 62' lang='lat' dir='ltr'>b</span> <span class='ocrx_word' id='word_1_189' title='bbox 1096 3511 1191 3569; x_wconf 83' lang='lat'><em>1120.</em></span> 
     </span>
    </p>
   </div>
   <div class='ocr_carea' id='block_1_5' title="bbox 436 3625 1990 4196">
    <p class='ocr_par' dir='ltr' id='par_1_7' title="bbox 436 3625 1990 4196">
     <span class='ocr_line' id='line_1_25' title="bbox 572 3625 1990 3731; baseline -0.007 -18"><span class='ocrx_word' id='word_1_190' title='bbox 572 3636 614 3715; x_wconf 88' lang='lat' dir='ltr'>Si</span> <span class='ocrx_word' id='word_1_191' title='bbox 642 3636 680 3711; x_wconf 81' lang='lat' dir='ltr'>dt</span> <span class='ocrx_word' id='word_1_192' title='bbox 696 3656 772 3710; x_wconf 80' lang='lat' dir='ltr'>cerr</span> <span class='ocrx_word' id='word_1_193' title='bbox 788 3632 841 3707; x_wconf 86' lang='lat' dir='ltr'>rei</span> <span class='ocrx_word' id='word_1_194' title='bbox 855 3626 1008 3731; x_wconf 84' lang='lat' dir='ltr'>alicujus</span> <span class='ocrx_word' id='word_1_195' title='bbox 1034 3633 1182 3710; x_wconf 77' lang='lat' dir='ltr'>nondum</span> <span class='ocrx_word' id='word_1_196' title='bbox 1208 3625 1312 3710; x_wconf 85' lang='lat' dir='ltr'>habet</span> <span class='ocrx_word' id='word_1_197' title='bbox 1336 3633 1530 3725; x_wconf 82' lang='lat' dir='ltr'>notionem,</span> <span class='ocrx_word' id='word_1_198' title='bbox 1550 3626 1750 3705; x_wconf 67' lang='lat' dir='ltr'>erectiorem</span> <span class='ocrx_word' id='word_1_199' title='bbox 1771 3645 1990 3715; x_wconf 71' lang='lat' dir='ltr'>Notionircon·</span> 
     </span>
     <span class='ocr_line' id='line_1_26' title="bbox 436 3742 1989 3857; baseline -0.019 -22"><span class='ocrx_word' id='word_1_200' title='bbox 436 3744 541 3835; x_wconf 77' lang='lat' dir='ltr'>babet</span> <span class='ocrx_word' id='word_1_201' title='bbox 555 3748 628 3857; x_wconf 74' lang='lat' dir='ltr'>tufi</span> <span class='ocrx_word' id='word_1_202' title='bbox 638 3748 832 3850; x_wconf 68' lang='lat' dir='ltr'>confusum,</span> <span class='ocrx_word' id='word_1_203' title='bbox 859 3742 917 3822; x_wconf 83' lang='lat' dir='ltr'>hic</span> <span class='ocrx_word' id='word_1_204' title='bbox 931 3747 1072 3826; x_wconf 80' lang='lat' dir='ltr'>tandem</span> <span class='ocrx_word' id='word_1_205' title='bbox 1094 3748 1204 3829; x_wconf 81' lang='lat' dir='ltr'>alteri</span> <span class='ocrx_word' id='word_1_206' title='bbox 1223 3749 1331 3823; x_wconf 72' lang='lat' dir='ltr'>aliter</span> <span class='ocrx_word' id='word_1_207' title='bbox 1351 3746 1602 3849; x_wconf 75' lang='lat' dir='ltr'>communicare</span> <span class='ocrx_word' id='word_1_208' title='bbox 1613 3749 1748 3851; x_wconf 80' lang='lat' dir='ltr'>nequit,</span> <span class='ocrx_word' id='word_1_209' title='bbox 1758 3840 1760 3845; x_wconf 21' lang='grc' dir='ltr'>Ι</span> <span class='ocrx_word' id='word_1_210' title='bbox 1762 3742 1843 3838; x_wconf 62' lang='lat' dir='ltr'>fuste</span> <span class='ocrx_word' id='word_1_211' title='bbox 1860 3764 1989 3809; x_wconf 72' lang='lat' dir='ltr'>contutu-</span> 
     </span>
     <span class='ocr_line' id='line_1_27' title="bbox 438 3849 1897 3976; baseline -0.012 -24"><span class='ocrx_word' id='word_1_212' title='bbox 438 3867 564 3976; x_wconf 73' lang='lat' dir='ltr'>mfiut</span> <span class='ocrx_word' id='word_1_213' title='bbox 579 3895 651 3941; x_wconf 83' lang='lat' dir='ltr'>rem</span> <span class='ocrx_word' id='word_1_214' title='bbox 663 3872 862 3964; x_wconf 66' lang='lat' dir='ltr'>prtyenrem</span> <span class='ocrx_word' id='word_1_215' title='bbox 877 3865 912 3940; x_wconf 86' lang='lat' dir='ltr'>ei</span> <span class='ocrx_word' id='word_1_216' title='bbox 919 3865 1180 3965; x_wconf 77' lang='lat' dir='ltr'>petcz&#39;pr&#39;enabnr</span> <span class='ocrx_word' id='word_1_217' title='bbox 1189 3861 1306 3968; x_wconf 78' lang='lat' dir='ltr'><em>fistar.</em></span> <span class='ocrx_word' id='word_1_218' title='bbox 1360 3852 1515 3938; x_wconf 88' lang='lat' dir='ltr'>Etenim</span> <span class='ocrx_word' id='word_1_219' title='bbox 1540 3854 1619 3937; x_wconf 82' lang='lat' dir='ltr'>haec</span> <span class='ocrx_word' id='word_1_220' title='bbox 1635 3862 1749 3943; x_wconf 77' lang='lat' dir='ltr'>ratio·</span> <span class='ocrx_word' id='word_1_221' title='bbox 1770 3849 1897 3915; x_wconf 74' lang='lat' dir='ltr'>ursario.</span> 
     </span>
     <span class='ocr_line' id='line_1_28' title="bbox 443 3965 1747 4082; baseline -0.012 -17"><span class='ocrx_word' id='word_1_222' title='bbox 443 4012 492 4065; x_wconf 89' lang='lat' dir='ltr'>ne</span> <span class='ocrx_word' id='word_1_223' title='bbox 507 3984 651 4061; x_wconf 78' lang='lat' dir='ltr'>docem</span> <span class='ocrx_word' id='word_1_224' title='bbox 668 4002 771 4077; x_wconf 81' lang='lat' dir='ltr'>enm,</span> <span class='ocrx_word' id='word_1_225' title='bbox 800 4000 915 4082; x_wconf 81' lang='lat' dir='ltr'>quom</span> <span class='ocrx_word' id='word_1_226' title='bbox 942 3976 1127 4080; x_wconf 77' lang='lat' dir='ltr'>possidet,</span> <span class='ocrx_word' id='word_1_227' title='bbox 1147 3965 1345 4055; x_wconf 85' lang='lat' dir='ltr'>notionem</span> <span class='ocrx_word' id='word_1_228' title='bbox 1369 3972 1566 4055; x_wconf 78' lang='lat' dir='ltr'>assecutus:</span> <span class='ocrx_word' id='word_1_229' title='bbox 1596 3999 1666 4054; x_wconf 87' lang='lat' dir='ltr'>nec</span> <span class='ocrx_word' id='word_1_230' title='bbox 1696 3971 1747 4051; x_wconf 82' lang='lat' dir='ltr'>al-</span> 
     </span>
     <span class='ocr_line' id='line_1_29' title="bbox 443 4084 1743 4196; baseline -0.012 -15"><span class='ocrx_word' id='word_1_231' title='bbox 443 4120 501 4181; x_wconf 85' lang='lat' dir='ltr'>ter</span> <span class='ocrx_word' id='word_1_232' title='bbox 516 4095 652 4177; x_wconf 85' lang='lat' dir='ltr'>iisdem</span> <span class='ocrx_word' id='word_1_233' title='bbox 671 4088 922 4196; x_wconf 81' lang='lat' dir='ltr'>cognoscendi</span> <span class='ocrx_word' id='word_1_234' title='bbox 940 4084 1177 4171; x_wconf 66' lang='lat' dir='ltr'>simultatibus</span> <span class='ocrx_word' id='word_1_235' title='bbox 1201 4086 1398 4171; x_wconf 74' lang='lat' dir='ltr'>insitustus</span> <span class='ocrx_word' id='word_1_236' title='bbox 1416 4088 1485 4169; x_wconf 84' lang='lat' dir='ltr'>alia</span> <span class='ocrx_word' id='word_1_237' title='bbox 1510 4092 1569 4167; x_wconf 84' lang='lat' dir='ltr'>via</span> <span class='ocrx_word' id='word_1_238' title='bbox 1586 4089 1633 4168; x_wconf 83' lang='lat' dir='ltr'>ad</span> <span class='ocrx_word' id='word_1_239' title='bbox 1657 4112 1743 4169; x_wconf 84' lang='lat' dir='ltr'>eun·</span> 
     </span>
    </p>
   </div>
   <div class='ocr_carea' id='block_1_6' title="bbox 446 4200 1750 4933">
    <p class='ocr_par' dir='ltr' id='par_1_8' title="bbox 446 4200 1574 4320">
     <span class='ocr_line' id='line_1_30' title="bbox 446 4200 1574 4320; baseline -0.018 -21"><span class='ocrx_word' id='word_1_240' title='bbox 446 4216 536 4299; x_wconf 76' lang='lat' dir='ltr'>dem</span> <span class='ocrx_word' id='word_1_241' title='bbox 551 4210 706 4320; x_wconf 88' lang='lat' dir='ltr'>perduci</span> <span class='ocrx_word' id='word_1_242' title='bbox 724 4205 863 4315; x_wconf 85' lang='lat' dir='ltr'>potest,</span> <span class='ocrx_word' id='word_1_243' title='bbox 876 4200 983 4284; x_wconf 90' lang='lat' dir='ltr'>nullo</span> <span class='ocrx_word' id='word_1_244' title='bbox 999 4204 1064 4288; x_wconf 88' lang='lat' dir='ltr'>hic</span> <span class='ocrx_word' id='word_1_245' title='bbox 1075 4207 1258 4288; x_wconf 86' lang='lat' dir='ltr'>existente</span> <span class='ocrx_word' id='word_1_246' title='bbox 1275 4202 1479 4285; x_wconf 90' lang='lat' dir='ltr'>verborum</span> <span class='ocrx_word' id='word_1_247' title='bbox 1494 4203 1574 4286; x_wconf 91' lang='lat' dir='ltr'>usu.</span> 
     </span>
    </p>

    <p class='ocr_par' dir='ltr' id='par_1_9' title="bbox 495 4316 1750 4933">
     <span class='ocr_line' id='line_1_31' title="bbox 548 4316 1749 4422; baseline -0.009 -27"><span class='ocrx_word' id='word_1_248' title='bbox 548 4334 586 4399; x_wconf 85' lang='lat' dir='ltr'>E.</span> <span class='ocrx_word' id='word_1_249' title='bbox 597 4352 645 4420; x_wconf 86' lang='lat' dir='ltr'>gr.</span> <span class='ocrx_word' id='word_1_250' title='bbox 672 4329 740 4422; x_wconf 78' lang='lat' dir='ltr'>Qui</span> <span class='ocrx_word' id='word_1_251' title='bbox 758 4318 860 4410; x_wconf 85' lang='lat' dir='ltr'>vulgo</span> <span class='ocrx_word' id='word_1_252' title='bbox 887 4317 1302 4419; x_wconf 74' lang='lat' dir='ltr'>Geometriamprrstictm</span> <span class='ocrx_word' id='word_1_253' title='bbox 1319 4320 1456 4407; x_wconf 83' lang='lat' dir='ltr'>docent,</span> <span class='ocrx_word' id='word_1_254' title='bbox 1476 4316 1660 4411; x_wconf 83' lang='lat' dir='ltr'>figurarum</span> <span class='ocrx_word' id='word_1_255' title='bbox 1677 4338 1749 4391; x_wconf 89' lang='lat' dir='ltr'>non</span> 
     </span>
     <span class='ocr_line' id='line_1_32' title="bbox 497 4412 1749 4522; baseline -0.012 -21"><span class='ocrx_word' id='word_1_256' title='bbox 497 4424 688 4504; x_wconf 83' lang='lat' dir='ltr'>habentnis</span> <span class='ocrx_word' id='word_1_257' title='bbox 706 4428 860 4497; x_wconf 83' lang='lat' dir='ltr'>notiones</span> <span class='ocrx_word' id='word_1_258' title='bbox 880 4417 1032 4494; x_wconf 83' lang='lat' dir='ltr'>confusas</span> <span class='ocrx_word' id='word_1_259' title='bbox 1046 4449 1085 4497; x_wconf 84' lang='lat' dir='ltr'>ex</span> <span class='ocrx_word' id='word_1_260' title='bbox 1102 4449 1219 4496; x_wconf 80' lang='lat' dir='ltr'>earnm</span> <span class='ocrx_word' id='word_1_261' title='bbox 1243 4416 1421 4522; x_wconf 64' lang='lat' dir='ltr'>conspeetu</span> <span class='ocrx_word' id='word_1_262' title='bbox 1437 4412 1749 4509; x_wconf 79' lang='lat' dir='ltr'>bausias‚definitio·</span> 
     </span>
     <span class='ocr_line' id='line_1_33' title="bbox 497 4520 1750 4621; baseline -0.014 -17"><span class='ocrx_word' id='word_1_263' title='bbox 497 4530 597 4605; x_wconf 87' lang='lat' dir='ltr'>nibus</span> <span class='ocrx_word' id='word_1_264' title='bbox 615 4524 781 4621; x_wconf 75' lang='lat' dir='ltr'>neglesiis.</span> <span class='ocrx_word' id='word_1_265' title='bbox 831 4524 1006 4616; x_wconf 83' lang='lat' dir='ltr'>Easigitur</span> <span class='ocrx_word' id='word_1_266' title='bbox 1019 4552 1096 4599; x_wconf 88' lang='lat' dir='ltr'>cum</span> <span class='ocrx_word' id='word_1_267' title='bbox 1113 4524 1254 4601; x_wconf 87' lang='lat' dir='ltr'>discente</span> <span class='ocrx_word' id='word_1_268' title='bbox 1276 4526 1557 4601; x_wconf 78' lang='lat' dir='ltr'>communicaturi</span> <span class='ocrx_word' id='word_1_269' title='bbox 1574 4520 1697 4613; x_wconf 81' lang='lat' dir='ltr'>figuras</span> <span class='ocrx_word' id='word_1_270' title='bbox 1713 4521 1750 4588; x_wconf 91' lang='lat' dir='ltr'>in</span> 
     </span>
     <span class='ocr_line' id='line_1_34' title="bbox 498 4616 1747 4729; baseline -0.013 -23"><span class='ocrx_word' id='word_1_271' title='bbox 498 4636 609 4709; x_wconf 83' lang='lat' dir='ltr'>charta</span> <span class='ocrx_word' id='word_1_272' title='bbox 625 4633 678 4702; x_wconf 84' lang='lat' dir='ltr'>vel</span> <span class='ocrx_word' id='word_1_273' title='bbox 703 4626 814 4702; x_wconf 73' lang='lat' dir='ltr'>tabula</span> <span class='ocrx_word' id='word_1_274' title='bbox 840 4624 1015 4699; x_wconf 75' lang='lat' dir='ltr'>delineatas</span> <span class='ocrx_word' id='word_1_275' title='bbox 1036 4628 1144 4701; x_wconf 83' lang='lat' dir='ltr'>oculis</span> <span class='ocrx_word' id='word_1_276' title='bbox 1160 4629 1232 4720; x_wconf 81' lang='lat' dir='ltr'>ejus</span> <span class='ocrx_word' id='word_1_277' title='bbox 1246 4624 1440 4729; x_wconf 73' lang='lat' dir='ltr'>spestandas</span> <span class='ocrx_word' id='word_1_278' title='bbox 1456 4620 1646 4721; x_wconf 85' lang='lat' dir='ltr'>subjiciunt.</span> <span class='ocrx_word' id='word_1_279' title='bbox 1697 4616 1747 4695; x_wconf 90' lang='lat' dir='ltr'>Si·</span> 
     </span>
     <span class='ocr_line' id='line_1_35' title="bbox 496 4724 1747 4811; baseline -0.015 0"><span class='ocrx_word' id='word_1_280' title='bbox 496 4738 623 4811; x_wconf 84' lang='lat' dir='ltr'>militer</span> <span class='ocrx_word' id='word_1_281' title='bbox 638 4738 827 4807; x_wconf 85' lang='lat' dir='ltr'>Borrnicam</span> <span class='ocrx_word' id='word_1_282' title='bbox 856 4729 889 4800; x_wconf 75' lang='lat' dir='ltr'>bt</span> <span class='ocrx_word' id='word_1_283' title='bbox 915 4732 1088 4803; x_wconf 78' lang='lat' dir='ltr'>materiam</span> <span class='ocrx_word' id='word_1_284' title='bbox 1103 4730 1268 4805; x_wconf 84' lang='lat' dir='ltr'>medicam</span> <span class='ocrx_word' id='word_1_285' title='bbox 1291 4732 1447 4803; x_wconf 80' lang='lat' dir='ltr'>docentes</span> <span class='ocrx_word' id='word_1_286' title='bbox 1460 4724 1582 4801; x_wconf 81' lang='lat' dir='ltr'>herbas</span> <span class='ocrx_word' id='word_1_287' title='bbox 1597 4724 1629 4795; x_wconf 74' lang='lat' dir='ltr'>bt</span> <span class='ocrx_word' id='word_1_288' title='bbox 1645 4743 1747 4795; x_wconf 80' lang='lat' dir='ltr'>mate-</span> 
     </span>
     <span class='ocr_line' id='line_1_36' title="bbox 495 4821 1750 4933; baseline -0.017 -18"><span class='ocrx_word' id='word_1_289' title='bbox 495 4844 563 4917; x_wconf 77' lang='lat' dir='ltr'>rias</span> <span class='ocrx_word' id='word_1_290' title='bbox 586 4835 910 4913; x_wconf 78' lang='lat' dir='ltr'>medicamentorum</span> <span class='ocrx_word' id='word_1_291' title='bbox 926 4824 1126 4907; x_wconf 75' lang='lat' dir='ltr'>discentibus</span> <span class='ocrx_word' id='word_1_292' title='bbox 1138 4831 1349 4933; x_wconf 70' lang='lat' dir='ltr'>spetiandae,</span> <span class='ocrx_word' id='word_1_293' title='bbox 1371 4832 1479 4905; x_wconf 85' lang='lat' dir='ltr'>inuno</span> <span class='ocrx_word' id='word_1_294' title='bbox 1498 4821 1750 4907; x_wconf 67' lang='lat' dir='ltr'>olfaciendo&amp;</span> 
     </span>
    </p>
   </div>
   <div class='ocr_carea' id='block_1_7' title="bbox 559 4926 1748 5163">
    <p class='ocr_par' dir='ltr' id='par_1_10' title="bbox 559 4926 1748 5163">
     <span class='ocr_line' id='line_1_37' title="bbox 1002 4926 1748 5037; baseline -0.001 -2"><span class='ocrx_word' id='word_1_295' title='bbox 1002 4938 1199 5037; x_wconf 67' lang='lat' dir='ltr'>Getone</span> <span class='ocrx_word' id='word_1_296' title='bbox 1619 4926 1748 5023; x_wconf 62' lang='lat' dir='ltr'>estu·</span> 
     </span>
     <span class='ocr_line' id='line_1_38' title="bbox 559 5100 577 5163; baseline 0 0"><span class='ocrx_word' id='word_1_297' title='bbox 559 5100 577 5163; x_wconf 74' lang='lat' dir='ltr'>&#39;t</span> 
     </span>
    </p>
   </div>
   <div class='ocr_carea' id='block_1_8' title="bbox 0 0 2422 5634">
    <p class='ocr_par' dir='ltr' id='par_1_11' title="bbox 0 0 2422 5634">
     <span class='ocr_line' id='line_1_39' title="bbox 0 0 2422 5634; baseline 0 10"><span class='ocrx_word' id='word_1_298' title='bbox 0 0 2422 5634; x_wconf 95' lang='lat' dir='ltr'> </span> 
     </span>
    </p>
   </div>
  </div>
 </body>
</html>
