4834 5634
686 536 794 678 566
1006 528 1371 654 Praetereo.
1391 528 1483 637 III.
1506 528 1726 667 Caplll.

686 784 939 867 mentorum,
961 778 1004 843 ut
1027 764 1150 861 norit,
1173 756 1310 868 quibus
1335 758 1378 837 atl
1406 758 1647 869 probandum
1667 761 1809 867 dogma
1834 778 1986 841 utamur.

686 880 741 969 Et
758 880 915 963 inferius
937 876 1140 977 constabit,
1156 901 1246 953 eum
1265 872 1313 953 de
1329 879 1483 954 veritate
1505 876 1695 981 dogmatis
1720 880 1902 957 convinci
1917 903 1985 957 non

686 996 812 1109 polle,
830 994 895 1080 nili
909 994 1139 1099 argumentis
1159 986 1345 1090 evolutis,
1371 1016 1419 1069 eo
1445 991 1600 1100 quidem
1618 992 1764 1095 modo,
1794 1019 1912 1101 quem
1938 991 1987 1071 su·

687 1118 815 1223 petius
834 1116 873 1191 in
889 1106 1108 1189 delineanda
1123 1104 1488 1191 demonstrationum
1507 1104 1632 1190 forma
1650 1108 1705 1213 (p.
1715 1132 1790 1211 55n
1807 1106 1846 1187 dt
1863 1106 1985 1217 lecti.)

688 1227 968 1342 proposuimus.
1027 1218 1154 1303 lmmo
1173 1224 1240 1331 qui
1261 1217 1427 1302 formam
1443 1222 1812 1303 demonstrationum
1829 1220 1879 1303 ibi
1906 1220 1986 1305 deli·

687 1365 836 1425 neatam
864 1336 1161 1444 contemplatur,
1189 1336 1310 1414 {latim
1333 1333 1547 1447 perspiciet,
1577 1334 1603 1419 si
1634 1358 1900 1444 argunntntum
1917 1365 1983 1419 non

688 1456 897 1557 evolvatur,
914 1481 1014 1535 nuuc
1030 1450 1196 1533 tonnam
1213 1448 1465 1531 concludendi
1482 1478 1560 1533 non
1575 1478 1675 1561 app-‚n
1686 1482 1762 1552 ere,
1781 1480 1881 1533 nunc
1901 1454 1983 1533 sumi

685 1591 863 1682 tanquam
891 1592 1011 1671 certa,
1038 1567 1087 1647 de
1115 1592 1283 1676 quorum
1311 1569 1464 1650 veritate
1494 1566 1604 1649 nobis
1643 1567 1820 1648 nendum
1849 1567 1984 1649 corulat

686 1686 821 1773 Autor
834 1688 950 1791 igitur
965 1685 1094 1765 denuo
1111 1682 1228 1763 finem
1244 1678 1362 1767 alium
1380 1683 1573 1763 intendere
1592 1686 1734 1793 nequit,
1753 1710 1871 1797 qnam
1885 1710 1981 1795 quem

686 1803 869 1912 consequi
885 1800 986 1904 licet,
1003 1796 1144 1880 scilicet
1161 1816 1203 1884 ut
1219 1794 1341 1881 ledor
1356 1795 1574 1883 historicam
1595 1797 1660 1879 fibi
1676 1822 1875 1909 comparet
1891 1826 1980 1907 argu·

687 1938 908 2003 mentorum
922 1919 1110 2017 notitiam,
1120 1911 1314 2025 quibusad
1329 1912 1568 2021 probandum
1583 1916 1901 2021 tlogtnnutuntut.

794 2082 976 2175 Duplicem
991 2076 1115 2151 habent
1131 2072 1251 2173 scripta
1269 2072 1452 2147 istiusmodi
1471 2073 1578 2147 usum.
1631 2081 1814 2153 Nimirum
1832 2078 1979 2177 quilttlte

740 2187 836 2257 tiaris
852 2179 927 2254 sunt
945 2185 1089 2275 ingenii,
1106 2202 1209 2275 quam
1234 2200 1271 2248 ut
1294 2179 1468 2248 veritatem
1494 2178 1789 2253 demonstrativam
1809 2182 1863 2253 rel
1880 2179 1979 2282 probe

738 2285 853 2358 biliter
870 2282 1013 2354 aliarum
1038 2306 1105 2379 ope
1120 2275 1319 2349 adstruftnn
1339 2304 1456 2372 capere
1475 2280 1605 2375 polii-tt,
1623 2290 1794 2357 memoria·
1810 2286 1886 2358 inde
1906 2306 1977 2353 ntan-

738 2386 819 2455 dmt
845 2389 999 2456 veritates
1014 2387 1049 2453 iu
1066 2383 1131 2451 rita
1154 2379 1253 2451 utiles
1284 2404 1405 2472 easque
1421 2379 1495 2451 data
1523 2382 1694 2455 occatione
1710 2385 1752 2457 ad
1772 2380 1868 2457 usum
1889 2407 1975 2455 trior·

740 2483 831 2567 ferre
848 2484 975 2555 valent:
1008 2484 1133 2568 littero,
1149 2480 1272 2575 quibus
1300 2481 1407 2573 major
1431 2477 1551 2575 obtigit
1577 2488 1701 2575 ingenii
1726 2491 1834 2573 aries,
1859 2483 1978 2559 tectione

739 2584 926 2661 istiusmodi
944 2580 1145 2684 scriptorum
1164 2582 1203 2652 ad
1221 2578 1399 2653 lectionem
1418 2576 1674 2655 scientificorum
1696 2607 1973 2685 preparantarmt,

737 2690 821 2761 dum
836 2690 972 2759 termini
989 2709 1024 2753 nc
1047 2681 1293 2781 propositiones
1311 2681 1386 2779 iplis
1406 2684 1472 2778 jam
1487 2678 1561 2754 sunt
1575 2681 1775 2768 famliares,
1792 2685 1919 2761 facilius
1939 2708 1973 2756 tt·

737 2814 804 2886 que
819 2788 959 2859 celerina
976 2784 1247 2884 progrediuntur,
1263 2809 1339 2853 cum
1360 2783 1503 2854 multum
1516 2790 1654 2859 murino
1672 2791 1974 2889 emporio-equin-

737 2914 804 2975 tur,
822 2912 998 2984 antequam
1013 2888 1149 2958 termini
1167 2885 1198 2955 d·
1218 2882 1458 2978 propolitiones
1476 2882 1653 2960 nundinet
1680 2892 1833 2963 eradunt.
1882 2900 1971 2959 lmnte

737 2992 840 3062 iidem
854 2990 967 3060 eadem
985 2985 1126 3059 le'tlione
1142 2985 1182 3055 ad
1197 2990 1425 3076 cognitionem
1443 2983 1650 3061 scientifienn
1671 2994 1968 3065 inllammrnturae«

738 3098 831 3189 tique
852 3085 902 3164 sui
916 3092 1064 3161 damnati
1081 3092 1254 3173 maiorem,
1265 3112 1363 3182 quam
1382 3088 1460 3159 aliae
1472 3086 1624 3163 futurum
1641 3117 1719 3178 erar,
1741 3098 1969 3189 rrluptttemer

739 3222 777 3266 ea
795 3196 981 3289 perepiunt
999 3216 1098 3283 nume
1115 3188 1191 3260 ideo
1211 3186 1409 3259 stimulotad
1427 3190 1605 3263 ulteriores
1629 3193 1822 3287 progrell'us
1841 3192 1967 3267 sentiunt·

741 3298 886 3365 Minime
909 3298 1010 3385 igitur
1026 3288 1145 3388 scripta
1169 3292 1354 3382 dogmatica
1377 3289 1531 3363 hillorica
1557 3293 1772 3385 damnamus,
1791 3296 1966 3370 ututcur'en

738 3393 925 3470 scientificis
952 3394 1052 3485 longe
1076 3389 1323 3489 postponamus.
1378 3397 1484 3465 Suum
1504 3399 1624 3491 cuique
1644 3423 1682 3467 ex
1709 3424 1807 3493 aeqno
1826 3398 1966 3469 statuimur

737 3499 882 3591 pretium
911 3500 1057 3567 veritatis
1083 3497 1185 3567 unico
1210 3517 1324 3569 amore
1349 3492 1455 3585 dudi,
1482 3522 1542 3572 nec
1560 3501 1662 3569 animi
1679 3499 1880 3595 pellionibus
1895 3498 1962 3597 quit·

738 3621 841 3697 quam
859 3597 980 3671 dantes.

1250 3748 1285 3858 i·
1341 3762 1430 3853 rae·

437 3986 656 4085 Scriptorum.
788 3956 966 4056 Ser-iprum
980 3952 1218 4055 dogmaticum
1234 3947 1435 4056 historicum
1452 3957 1656 4036 conditurus
1673 3983 1700 4037 ι.
1720 3962 1903 4039 terminos
1916 3946 1965 4033 stt

430 4112 607 4190 grumum
681 4064 791 4172 gulos
811 4086 980 4147 :lectitata
1000 4065 1226 4144 definitione
1245 4066 1431 4172 explicet,
1452 4066 1516 4148 nili
1537 4071 1676 4153 iisdem
1703 4072 1824 4181 vulgo
1842 4068 1967 4177 respon·

434 4196 613 4284 largitu-tamn
679 4184 766 4263 deu
784 4188 895 4263 notio
911 4177 1066 4263 confusa
1085 4180 1257 4291 quidem,
1270 4181 1331 4261 sed
1344 4185 1618 4267 tixntamcnza.
1631 4182 1968 4296 propolitiontsdt·

436 4292 586 4404 qonnlo
675 4304 892 4379 terminatur
922 4294 1089 4379 condat:
1120 4324 1153 4403 3.
1183 4292 1211 4378 st
1240 4301 1289 4375 ita
1321 4300 1445 4381 vil'um
1475 4296 1623 4407 fuerit,
1653 4328 1878 4411 argumenta
1896 4323 1969 4382 enu-

437 4396 639 4471 slltlt'l‘l‘l’l‘·
671 4436 804 4508 meret,
824 4412 962 4524 quibus
991 4411 1038 4493 ad
1057 4437 1117 4491 ens
1145 4409 1392 4517 probandum
1414 4436 1596 4521 utuntur,
1630 4421 1759 4503 immo
1793 4422 1971 4504 diletinrtt

665 4551 843 4638 annotet,
872 4530 979 4643 quod
1009 4534 1105 4614 inter
1136 4553 1180 4612 ea
1197 4533 1420 4619 intercedit:
1449 4555 1488 4641 4.
1509 4536 1567 4634 in,
1581 4560 1660 4622 uno
1679 4535 1774 4624 loeo
1793 4550 1971 4646 congerat,

1900 4672 1971 4763 qua
