4834 5634
650 496 736 617 114·
864 582 867 589 ,
999 472 1208 609 Logt‘cae
1243 462 1597 605 Prolegomena
1679 586 1681 591 ,

653 712 875 807 comparant
903 694 1090 803 dirigendi
1114 698 1251 775 mentis
1279 694 1517 801 operationes
1535 696 1576 775 in
1594 692 1819 799 cognitione
1833 686 1970 779 vuiti·

653 819 703 897 tis
718 814 857 923 absque
879 808 1036 917 regulis,
1064 809 1148 891 solo
1171 807 1253 912 usu,
1281 809 1454 917 adeoque
1467 832 1546 887 non
1562 807 1695 889 eadem
1711 802 1968 889 omnibusne·

657 951 740 1011 tura
754 928 807 1007 est
827 924 1020 1033 dispositio
1043 925 1090 1004 ad
1114 924 1222 1004 istam
1245 927 1512 1030 operationum
1539 926 1675 1003 mentis
1699 916 1962 1002 dirodiionem.

658 1040 756 1125 Hac
770 1039 960 1149 dispositio
974 1066 1065 1121 cum
1080 1038 1119 1123 sit
1134 1034 1283 1145 Logica
1300 1032 1474 1118 naturalis
1489 1055 1646 1120 connata
1656 1034 1970 1145 (§.6.)3eandem

660 1182 741 1241 non
757 1155 927 1257 ejusdem
943 1155 1079 1262 gradus
1095 1153 1166 1234 eise
1183 1158 1222 1233 in
1238 1151 1389 1259 singulis
1411 1151 1635 1235 hominibus
1656 1170 1768 1261 patet.

761 1275 848 1341 Non
864 1274 991 1341 mirum
1006 1272 1072 1341 hoc
1087 1267 1255 1340 videbitur
1277 1268 1362 1355 illis,
1390 1270 1448 1362 qui
1470 1264 1531 1337 srbi
1549 1267 1590 1338 ad
1611 1274 1763 1341 animum
1788 1284 1967 1351 revocant,

711 1394 829 1444 omnes
837 1365 1064 1468 dispositiones
1081 1370 1246 1442 naturales
1262 1369 1302 1440 ad
1318 1366 1461 1455 habitus,
1487 1369 1738 1467 qualescunque
1747 1362 1883 1439 tandem
1890 1360 1966 1453 sint,

712 1468 778 1543 five
792 1469 990 1559 animae,five
998 1475 1169 1569 corporis,
1184 1496 1256 1542 non
1264 1469 1412 1566 ejusdem
1424 1469 1696 1566 gradusreperiri
1711 1470 1746 1539 in
1755 1464 1895 1559 singulis
1901 1464 1962 1539 ho·

707 1571 874 1645 minibus:
900 1596 973 1670 quae
989 1568 1065 1647 saue
1079 1578 1164 1645 ratio
1177 1570 1240 1659 est,
1255 1595 1315 1644 cur
1328 1595 1398 1641 non
1414 1565 1964 1659 omneaeademfaeilitatemecen·

710 1674 832 1747 demin
844 1673 950 1765 gradu
965 1674 1111 1747 eundem
1126 1673 1279 1744 habitum
1295 1664 1549 1767 consequantur,
1565 1670 1621 1745 etsi
1637 1673 1674 1743 in
1689 1673 1849 1743 exercitio
1861 1688 1963 1759 uerno

710 1798 831 1867 eurum
846 1768 935 1845 suam
951 1770 1128 1847 desiderati
1139 1775 1286 1873 patiatur
1302 1768 1509 1846 industriam.
1583 1778 1695 1843 lmmo
1711 1794 1783 1845 non
1796 1760 1916 1843 desunt
1928 1768 1969 1841 in

709 1872 941 1975 Metaphystca
954 1878 1109 1966 rationes,
1131 1872 1252 1973 quibus
1269 1875 1358 1947 idem
1373 1870 1537 1971 probatur
1555 1876 1703 1975 aptiori.

1247 1988 1274 2074 §-
1333 1999 1388 2079 14·
1902 2022 1919 2035 ··

426 2110 636 2306 iiiiii?
659 2083 1775 2319 tt„t0d;5t{?s⁸'‘⁰dt‘gd''2dt“'dtdd‘tdtbd
1790 2084 1974 2309 iad&

428 2314 646 2433 naturalitat-
660 2329 728 2437 qui
741 2318 824 2403 solo
841 2320 909 2402 usu
937 2315 1076 2428 absque
1091 2315 1229 2423 regulis
1243 2322 1446 2431 acquiritur
1474 2321 1525 2426 (ς.
1543 2322 1617 2427 6.).
1683 2314 1761 2399 Sed
1776 2344 1869 2401 cum
1884 2342 1972 2401 non

429 2414 556 2516 questu.
659 2433 839 2523 omnibus
855 2434 959 2514 idem
972 2429 1014 2514 fit
1029 2433 1137 2537 usus,
1161 2460 1232 2516 nec
1248 2432 1428 2521 omnibus
1449 2433 1583 2515 eadem
1606 2430 1798 2543 dispositio
1820 2451 1974 2521 navara-

659 2554 705 2637 lis
722 2551 769 2633 ad
784 2546 887 2631 astus
904 2548 980 2631 huc
996 2546 1215 2631 necessarios
1230 2551 1285 2658 (d.
1303 2552 1341 2631 6.
1360 2548 1454 2656 13.);
1480 2574 1549 2631 nec
1565 2546 1715 2656 Logica
1726 2546 1976 2633 naturalisao·

660 2666 789 2783 quisita
804 2664 973 2766 ejusdem
988 2668 1027 2743 in
1042 2660 1192 2770 singulis
1212 2663 1434 2747 hominibus
1455 2664 1591 2770 gradus
1607 2663 1678 2747 effe
1692 2666 1826 2774 potest.
1864 2742 1869 2749 ,
1988 2682 1990 2687 ’

761 2774 849 2852 Usus
859 2782 1093 2879 operationum
1101 2784 1231 2867 mentis,
1241 2806 1309 2877 quo
1319 2781 1609 2872 Logicanatu'ralis
1618 2802 1758 2854 connata
1776 2774 1972 2877 perficiem,

709 2878 1548 2981 dispofitionemadhabitumeveltendo‚variusest.
1599 2885 1734 2953 Etenim
1750 2876 1970 2979 operationes

710 2986 832 3058 mentis
847 2978 985 3054 subinde
998 2982 1102 3053 veluti
1119 2974 1237 3081 sponte
1254 2978 1316 3055 sese
1323 2977 1492 3070 exserunt,
1509 2980 1591 3053 dum
1607 2980 1647 3054 ab
1662 2980 1800 3081 objesiis
1827 2986 1973 3057 externis

714 3083 770 3157 vel
784 3082 925 3158 aliorum
942 3084 1096 3182 exemplo
1112 3084 1152 3153 ad
1165 3109 1219 3155 eas
1233 3086 1435 3156 invitamur:
1463 3082 1586 3157 eaedem
1600 3110 1683 3157 vero
1703 3076 1968 3183 indispensabilit

716 3184 911 3260 necessitatis
928 3179 1044 3257 suntin
1054 3179 1253 3257 addiscendis
1264 3181 1455 3282 disciplinis.
1507 3182 1772 3285 Qamobremfi
1787 3188 1972 3279 continget,

719 3314 773 3363 eas
791 3284 855 3359 esse
871 3308 1017 3359 accurata
1030 3285 1192 3359 methodo
1205 3284 1429 3387 pertrashatas,
1442 3310 1504 3357 nee
1520 3292 1631 3371 minus
1647 3310 1795 3360 accurata
1808 3284 1970 3361 industrie

714 3384 1422 3486 anobissmgulaq‘uaeiniisproponuntur‚
1448 3390 1628 3487 perpendi3
1660 3388 1794 3463 nullum
1807 3386 1855 3461 est
1871 3386 1967 3461 dubi·
1984 3430 1993 3444 ,.

711 3514 782 3576 um,
796 3492 878 3584 quin
895 3495 1018 3580 nogia
1031 3487 1190 3561 naturalis
1208 3493 1314 3584 magis
1331 3488 1540 3588 perficiatur,
1566 3515 1667 3587 quant
1684 3489 1742 3563 ubi
1764 3486 1968 3589 disciplinae,

709 3587 878 3686 inquibus
892 3582 1079 3676 versamur,
1103 3588 1267 3663 methodo
1265 3616 1396 3764 parum
1410 3614 1556 3664 accurata
1569 3588 1778 3691 pertrahi-ata
1786 3588 1917 3665 fuerint
1924 3586 1966 3665 ab

710 3688 892 3779 autoribus,
909 3712 965 3761 aut
978 3712 1042 3762 nos
1056 3688 1187 3762 nonnisi
1200 3716 1263 3790 per
1284 3689 1433 3767 unstotie
1451 3696 1485 3767 in
1502 3696 1543 3764 iis
1560 3689 1776 3783 versemur,sr
1793 3692 1847 3765 vel
1864 3694 1964 3765 maxi·

709 3818 765 3867 me
781 3789 896 3863 nullus
910 3796 945 3863 in
965 3790 1129 3865 methodo
1143 3815 1280 3866 notetur
1295 3791 1454 3867 defeshut.
1507 3802 1619 3893 Atque
1634 3820 1669 3867 ea
1684 3792 1834 3885 ratinest,
1848 3818 1911 3873 eut
1926 3796 1960 3867 in

712 3886 1542 3990 Mathestprobeversati‚etfiLogicamartificialem
1553 3922 1621 3969 non
1632 3894 1956 3987 didicerintmaturel

712 4016 827 4067 tamen
834 3994 1097 4096 magispolleant
1105 3998 1234 4081 ceteris,
1252 4002 1310 4095 qui
1329 3992 1404 4070 sunt
1416 4000 1452 4068 in
1460 3998 1577 4070 eadem
1591 3993 1754 4099 hospites,
1770 4000 1803 4071 δι
1818 4026 1877 4073 eur
1889 4020 1962 4069 non

710 4121 847 4185 omnes,
864 4099 923 4193 qui
935 4094 1079 4169 Mathesr
1095 4120 1236 4194 operam
1252 4098 1391 4185 dedere,
1409 4102 1532 4193 Logica
1550 4102 1693 4173 naturali
1707 4101 1846 4187 valeant,
1861 4102 1962 4173 nimi·

673 4268 676 4273 .
704 4225 785 4274 rum
794 4200 873 4296 quia
885 4200 939 4271 vel
947 4196 1107 4272 Mathesrs
1115 4198 1156 4271 ab
1164 4222 1357 4274 autorenon
1368 4198 1433 4272 furt
1448 4202 1610 4277 methodo
1627 4202 1881 4280 demonstrativa
1899 4222 1955 4275 tta

704 4302 783 4389 dita,
796 4299 852 4372 vel
865 4304 925 4398 qui
943 4298 1038 4374 suurn
1049 4298 1160 4375 eidem
1174 4327 1314 4399 operatn
1332 4304 1455 4377 addixit
1473 4306 1513 4377 ad
1528 4306 1728 4381 methodum
1734 4324 1970 4403 parumatten·

704 4396 763 4471 dit.
777 4406 948 4498 Quoniam
956 4402 1135 4477 methodus
1142 4401 1372 4504 philosophica
1381 4432 1458 4479 eum
1467 4410 1697 4483 mathematica
1707 4404 1877 4499 eadem(§.
1892 4410 1952 4505 13'9

703 4496 845 4598 Dtscurfi
852 4508 1011 4608 pentima,
1025 4503 1084 4583 ubi
1104 4500 1325 4610 philosophia
1338 4506 1501 4587 methodo
1515 4507 1752 4615 philosophica
1768 4504 1952 4693 fueritqpeqt¹
1961 4552 1966 4561 ·
