4834 5634
959 830 1018 933 in
1053 854 1247 967 genere.
1705 856 1763 971 ις

575 1206 617 1284 ln
635 1194 867 1307 philosophia
883 1195 1087 1301 studendum
1099 1196 1150 1300 cst
1163 1196 1362 1277 omnimode
1379 1198 1594 1278 certitudini.
1653 1190 1756 1280 Cum
1774 1212 1886 1285 Studet
1906 1220 1999 1283 certi·

431 1324 539 1403 enim
553 1316 801 1427 philosophia
819 1312 970 1393 scientia
985 1308 1026 1390 stt
1043 1313 1094 1419 (ξ.
1114 1311 1223 1415 29.)‚
1249 1314 1288 1388 in
1308 1336 1349 1390 ea
1370 1310 1656 1393 demonstranda
1674 1311 1756 1393 sunt
1774 1315 1882 1384 tudini
1901 1319 2000 1386 ontin-

429 1434 580 1537 all'erta,
606 1461 655 1514 ex
672 1431 874 1539 principiis
890 1430 1001 1507 certis
1018 1447 1128 1535 atque
1146 1429 1319 1507 immotis
1338 1425 1505 1533 legitima
1524 1426 1759 1537 consequen·
1774 1415 1877 1487 ''md‘-

429 1556 484 1631 tia
499 1548 698 1631 inferendo
712 1540 981 1627 conclnhones
997 1545 1047 1650 (s
1059 1542 1156 1647 30.)
1207 1537 1284 1622 Sed
1303 1570 1384 1653 quae
1403 1570 1450 1623 ex
1467 1547 1661 1651 principiis
1678 1572 1758 1626 cer-

430 1667 482 1747 tis
500 1684 612 1775 atque
627 1664 804 1743 immotis
820 1657 989 1765 legitima
1007 1658 1273 1768 consequentia
1290 1656 1523 1763 inseruntur,
1542 1660 1639 1739 adeo
1658 1682 1759 1741 certa

434 1780 544 1880 sunt,
572 1801 613 1861 ut
626 1780 673 1861 de
689 1781 738 1859 iis
754 1772 919 1857 dubitari
933 1770 1038 1852 nefas
1056 1770 1097 1852 fit
1116 1800 1124 1852 :
1180 1772 1222 1852 id
1244 1772 1352 1884 quod
1370 1774 1438 1857 suo
1455 1775 1546 1856 loco
1562 1773 1756 1857 constabit.

434 1892 612 1977 Nullum
625 1892 721 1975 adeo
735 1888 914 1991 dubium,
929 1893 968 1967 in
983 1886 1240 1995 philosophia,
1257 1886 1380 1997 posito
1397 1892 1504 2002 quod
1518 1890 1671 1974 scientia
1686 1890 1759 1974 elie

446 2008 600 2113 debeat,
611 2008 828 2089 studendum
845 2004 921 2087 effe
935 2004 1154 2085 certitudini
1170 2005 1416 2087 omnimoda.

1022 2160 1050 2249 s·
1107 2174 1167 2255 34·

589 2261 630 2343 In
639 2262 840 2369 philosophie
852 2270 972 2377 itaque
984 2273 1166 2375 principia
1181 2261 1226 2343 alr
1240 2269 1459 2369 experientia
1468 2260 1754 2372 {feriendaque
1769 2286 1884 2359 Media
1903 2290 1996 2357 cmi.

445 2376 719 2481 dmrrstrmrur
728 2390 977 2483 experitnentis
988 2412 1030 2459 or
1037 2378 1329 2481 observationibus
1337 2378 1754 2487 corfirrnnndaia’rogni·
1767 2391 1891 2463 rndinr'r
1918 2384 1995 2457 olri-

436 2496 536 2573 rioni
546 2490 795 2577 mathematice
809 2524 881 2575 una
897 2516 1001 2601 opera
1015 2498 1131 2576 danda
1149 2497 1209 2601 est.
1268 2489 1465 2607 Quoniam
1492 2496 1595 2575 enim
1612 2499 1652 2572 in
1668 2493 1753 2601 phi-
1769 2492 1883 2574 recade-

436 2602 616 2714 losophia
629 2608 897 2689 certitudinem
916 2608 1184 2690 omnimodam
1200 2610 1382 2721 consequi
1399 2610 1589 2691 studemus
1600 2613 1652 2715 (s.
1663 2610 1741 2717 33.)

432 2748 520 2837 qua
531 2748 626 2805 vero
642 2720 687 2805 ab
701 2728 938 2833 experientia
953 2724 1407 2835 derivanturprincipium
1418 2727 1571 2807 sumum
1589 2724 1755 2835 prebent

430 2842 603 2921 veritatis
616 2838 1375 2954 demonstrando(§.10.)‚&eorum‚quae
1392 2841 1642 2923 demonstrata
1659 2843 1755 2941 liant,

431 2954 627 3039 certitudo
656 2982 724 3065 per
747 2959 1011 3065 experimenta
1026 2980 1137 3069 atque
1155 2954 1435 3041 observationes
1453 2962 1613 3038 immota
1629 2959 1755 3039 reddi·

436 3090 504 3175 tar,
520 3075 831 3155 utveritasextra
847 3097 1005 3154 omnem
1020 3072 1265 3154 dubitationis
1290 3072 1408 3157 aleam
1421 3094 1583 3184 ponatur
1593 3076 1644 3181 (t.
1655 3074 1755 3181 26.)‚

432 3190 469 3271 in
486 3184 667 3299 plurimis
685 3186 855 3299 denique
872 3184 1011 3271 casibus
1035 3188 1226 3270 certitudo
1244 3190 1468 3271 omnimoda
1488 3215 1507 3270 a
1525 3187 1755 3270 demonstra-

429 3302 605 3388 tionibus
635 3300 917 3385 mathematicis
946 3302 1010 3387 seu
1033 3308 1256 3413 cognitione
1294 3305 1557 3386 mathematica
1593 3308 1757 3413 pendeat

433 3420 603 3531 (§.ap.);
629 3418 998 3530 quisnegareaus1t‚
1023 3426 1121 3502 eain
1139 3419 1382 3531 philosophia
1397 3423 1478 3502 fieri
1496 3421 1652 3523 debere,
1672 3422 1756 3532 qni·

435 3536 513 3623 bus
527 3538 657 3617 veritas
674 3532 777 3617 adeo
792 3536 833 3614 in
849 3539 977 3643 aprico
993 3534 1217 3643 collocatur,
1232 3557 1273 3619 ut
1290 3532 1415 3621 nullus
1433 3537 1481 3618 de
1499 3563 1542 3618 ea
1559 3535 1755 3645 scrupulus

432 3648 621 3767 superesse
635 3649 753 3735 nobis
768 3646 905 3763 possit?

568 3880 680 3967 Patet
694 3878 801 3983 inde,
817 3906 897 3992 quo
912 3906 1033 3992 usque
1049 3791 1201 3991 cogiitio
1217 3882 1380 3993 historica
1395 3882 1441 3961 si
1454 3878 1701 3964 mathematica
1715 3888 1754 3961 in
1769 3904 1963 3997 Cogrrnionir

426 4002 689 4115 philosophiam
702 3999 922 4081 admittenda
938 3995 1000 4101 fit,
1016 4024 1153 4106 nempe
1168 4026 1339 4108 quatenns
1347 4005 1531 4103 principio
1539 4000 1673 4104 prebet
1680 4002 1753 4107 fir·
1766 4003 1914 4094 delinita
1930 4024 1969 4068 ac

433 4154 497 4201 ma
509 4144 614 4229 atque
628 4123 778 4197 immota
792 4114 839 4193 θ’
852 4122 1019 4196 rxnnrinn
1026 4118 1102 4194 deri
1115 4146 1175 4193 ron
1183 4122 1334 4226 cognitio
1352 4111 1526 4219 hislonica,
1539 4117 1752 4199 evidentium
1766 4104 1966 4219 errarhemnti-

430 4262 557 4323 autenr
571 4233 722 4341 conplet
732 4224 991 4311 mathnnatica.
1042 4226 1188 4339 Neque
1215 4233 1316 4311 enim
1335 4229 1507 4335 cognitio
1523 4225 1700 4313 historica
1716 4230 1754 4310 ἃ
1768 4232 1804 4275 “²
1816 4193 1991 4326 mnan-

434 4350 701 4437 tnathematica
726 4348 766 4425 itt
788 4340 1072 4453 philosophiam
1098 4348 1244 4428 admitti
1270 4342 1443 4456 possunt,
1483 4341 1548 4425 nist
1572 4306 1844 4458 quatenusl'h'a
1863 4304 1982 4377 imum

440 4463 712 4579 philosophicae
729 4458 859 4545 serunt
876 4490 1011 4570 opem:
1041 4459 1128 4543 alios
1151 4467 1255 4545 enim
1270 4482 1401 4570 prater
1416 4463 1604 4542 rationem
1619 4462 1754 4543 admit-

450 4606 610 4667 terentur.
677 4572 883 4775 Qpatenus
908 4588 1004 4659 'vc'ro
1032 4598 1189 4689 utraque
1219 4573 1492 4689 philosophice
1516 4573 1591 4659 fert
1614 4604 1755 4687 opem,

457 4720 585 4790 mus
600 4720 647 4784 ea
660 4694 735 4809 phi
753 4692 916 4803 otophia
930 4720 1055 4777 carere
1070 4699 1224 4807 nequit,
1240 4692 1426 4809 siquidem
1439 4718 1586 4777 nomen
1599 4691 1758 4779 scientia

452 4808 848 4949 menn-2⁹>
923 4928 931 4945 .
1106 4928 1202 4947 ...
1263 4931 1270 4948 .
1344 4929 1353 4947 .
1642 4886 1660 4947 -.
1723 4928 1731 4945 .

552 4928 645 5017 lesit
660 4928 855 5037 agitat-hec
869 4950 1221 5039 ητιοιιυοςιιιυοωι
1235 4924 1399 5011 tuorna
1414 4954 1451 5010 ac
1465 4926 1760 5103 mammeam
