4834 5634
751 654 755 661 Ι
866 511 950 619 De
967 501 1373 647 opinationibus:
1684 546 1778 631 201

500 738 570 837 guli
586 734 1063 823 reililineicommemorataet
1075 738 1292 839 impossibilia
1306 762 1418 817 autem
1433 738 1481 817 est
1497 737 1769 837 figuratarum

500 848 639 947 veniant
654 862 745 917 notte
761 842 799 923 in
807 836 1003 913 delinitione
1019 836 1169 937 biangnli
1183 839 1349 917 resiilinei
1362 844 1512 943 prolatu.
1538 850 1648 919 Notio
1664 852 1770 941 igitur

383 956 387 961 '
458 962 462 969 '
497 942 654 1039 bitnguli
671 936 1213 1016 fivebilioeireffltineinuflaest:
1238 945 1336 1017 datur
1349 968 1463 1020 autem
1483 948 1581 1019 notio
1598 951 1768 1045 trianguli.

487 1058 606 1147 Atque
615 1044 700 1119 adeo
708 1042 805 1117 illius
811 1068 950 1143 quoque
957 1040 1051 1115 nulla
1059 1041 1107 1117 est
1114 1044 1276 1136 delinitio,
1294 1041 1478 1122 federatio
1493 1046 1534 1119 td
1550 1044 1699 1122 sormam
1710 1052 1767 1127 de·

487 1148 659 1225 finitionit
671 1142 783 1219 ellislo
795 1140 942 1245 speciem
956 1146 1031 1243 ejus
1044 1148 1223 1220 mentitur:
1242 1172 1361 1221 contra
1388 1174 1474 1225 vero
1492 1148 1595 1249 hujus
1613 1149 1766 1228 definitio

495 1246 648 1339 vercell,
659 1266 872 1321 nontantum
881 1270 1016 1322 externa
1029 1242 1237 1346 specieque
1251 1247 1438 1326 verborum
1455 1252 1704 1333 combinatione
1719 1250 1767 1329 ef·

486 1352 612 1442 licitur,
628 1378 751 1424 rerum
765 1353 867 1422 etiam
880 1354 1024 1434 interna,
1037 1372 1111 1447 qua·
1125 1376 1188 1449 per
1205 1355 1384 1428 notionem
1399 1354 1512 1429 verbis
1526 1353 1571 1428 stc
1591 1354 1763 1430 combina-

488 1448 809 1555 tiatespondentem
823 1451 1050 1525 constituitur.
1097 1454 1242 1547 Signum
1254 1454 1391 1531 nullum
1404 1456 1525 1549 esseni
1538 1456 1766 1552 tesfignifica·

487 1558 627 1633 nonu
641 1550 839 1657 respondet.

1020 1659 1070 1749 9.·
1112 1681 1193 1765 172,

561 1806 564 1811 ’
588 1806 629 1889 a·
643 1797 1062 1911 effmtialiofiefficietter
1076 1825 1357 1910 enumerantur,
1381 1826 1452 1917 per
1470 1832 1552 1925 qaae
1564 1836 1681 1927 gener
1694 1812 1766 1895 ah.
1780 1812 1996 1906 Pramum,

438 1916 544 2045 quod
556 1985 570 2028 ‚
598 1920 657 2005 uel
690 1924 810 2033 species
853 1920 978 2031 aitqua
1004 1914 1292 2012 determinatum
1330 1920 1566 2025 definitionem
1594 1923 1761 2012 habemus
1779 1914 1994 2012 dufdtfiuien-

426 2048 611 2160 generat,
636 2032 844 2151 adspectet.
913 2032 956 2116 Si
985 2032 1185 2117 essentialia
1214 2035 1442 2117 sufficienter
1472 2064 1741 2125 enumerantur
1778 2017 1994 2119 diguam&

431 2158 572 2243 omnia
590 2170 871 2253 enumeranmr‚
889 2177 971 2262 qua
988 2149 1151 2233 delinito
1164 2152 1379 2235 constanter
1418 2150 1543 2234 insunt
1556 2216 1569 2255 ‚
1582 2154 1645 2235 sed
1660 2108 1899 2268 quosss‘il‘f·

431 2300 526 2357 rum
540 2294 748 2379 unumper
761 2264 921 2361 alterum
935 2293 1016 2350 non
1043 2269 1316 2351 determinatur
1343 2267 1409 2379 (d.
1425 2268 1547 2376 64),
1582 2270 1758 2383 adeoque

431 2386 784 2475 nottesufficientes
796 2405 1063 2466 enumerantur
1078 2385 1127 2467 ad
1143 2412 1262 2491 genus
1286 2383 1348 2467 vel
1371 2382 1534 2491 speciem
1557 2384 1752 2471 definitam

429 2502 720 2619 agnoscendum
733 2520 845 2613 atque
861 2498 909 2582 ab
924 2496 1006 2583 aliis
1018 2498 1220 2607 genetibus
1235 2498 1295 2581 vel
1311 2497 1504 2611 speciebus
1525 2500 1754 2612 distinguen.

434 2624 530 2709 dum
557 2622 617 2733 (§.
634 2618 747 2729 79.)‚
776 2636 974 2725 propterea
988 2616 1097 2729 quod
1113 2621 1245 2698 omnia
1258 2613 1456 2700 essentialia
1482 2614 1591 2699 strnul
1613 2617 1756 2725 stunta,

438 2733 776 2961 assellis
789 2729 1635 2973 531¹litlilsll⁰30l32s⁸usffl¹fflsist
1655 2763 1758 2849 ”⁰¹¹²

1359 2912 1368 2931 .
1658 2880 1751 2936 vero

432 2972 529 3061 nibil
574 2964 825 3057 essentialium
847 2962 966 3047 abesse
980 2966 1123 3074 potest,
1156 2965 1340 3076 quamdiu
1359 2963 1462 3045 idem
1478 2993 1597 3071 genus
1613 2966 1674 3048 vel
1692 2995 1753 3051 ea-

432 3094 525 3181 dem
538 3077 888 3203 speciessubfistere
903 3078 1017 3163 debet
1051 3080 1107 3190 (ᾗ.
1124 3084 1229 3187 72.);
1265 3108 1336 3162 nec
1368 3078 1494 3189 plures
1518 3083 1753 3167 recensentur

430 3230 547 3313 nou,
563 3230 640 3289 nec
650 3201 863 3313 pauciores,
878 3224 994 3310 quam
1009 3226 1092 3309 qua
1108 3196 1297 3278 sufficiunt
1324 3197 1372 3279 ad
1387 3223 1506 3303 genus
1523 3194 1585 3277 vel
1594 3197 1755 3307 speciem

430 3320 720 3439 agttoscetrdum
736 3332 848 3426 atque
863 3312 910 3397 ab
927 3310 1008 3395 aliis
1025 3312 1343 3421 distinguendum.
1400 3309 1624 3399 Notionem
1640 3317 1756 3421 igitur

428 3442 624 3533 babemus
639 3428 871 3540 completam
888 3432 941 3538 (d.
959 3429 1046 3538 92.)
1062 3429 1101 3511 a
1117 3428 1402 3510 determinatam
1419 3431 1565 3533 generis
1582 3430 1684 3513 istius
1692 3429 1754 3513 vel

430 3556 630 3679 [μείω.
646 3549 746 3657 123.)
760 3574 919 3658 eamque
935 3546 1061 3629 verbis
1077 3545 1339 3652 significamus.
1356 3539 1521 3627 Generis
1528 3546 1626 3629 adeo
1641 3568 1754 3661 atque

429 3678 572 3797 speciei
586 3668 853 3757 definitionem
869 3662 1054 3746 babemus
1079 3664 1135 3772 (d.
1153 3664 1263 3769 152).

534 3828 577 3899 E.
587 3846 643 3917 gr.
656 3818 766 3888 Trian
792 3813 887 3887 ulum
903 3808 1115 3885 restilineum
1130 3836 1192 3909 per
1208 3815 1312 3883 trium
1327 3810 1470 3883 laterum
1495 3800 1695 3881 concursum
1710 3801 1751 3874 ad

480 3919 741 4007 terminandum
758 3838 901 4015 {atium
917 3940 1076 4014 tanquam
1092 3938 1198 4007 genua
1216 3912 1353 4010 aliquod
1369 3909 1553 4005 figurarum
1575 3908 1751 4009 plan-arum

482 4024 752 4109 constituitur&
762 4020 865 4111 igitur
875 4020 1087 4115 Triattgulum
1095 4016 1293 4089 rassilineum
1302 4013 1382 4087 dicis
1392 4010 1454 4086 elle
1463 4010 1605 4107 liguram
1617 4010 1752 4109 planam

483 4132 597 4211 tribus
616 4128 714 4199 lineis
729 4117 829 4194 tellis
845 4126 1072 4209 terminat-tm3
1099 4118 1330 4190 definitionem
1346 4119 1416 4214 ejus
1431 4117 1453 4187 h
1466 4115 1543 4187 ilict.
1594 4108 1753 4184 Similiter

485 4229 807 4333 inequalitaatrium
823 4224 965 4297 laterum
980 4222 1180 4295 determinat
1195 4214 1335 4320 speciem
1350 4212 1685 4317 quandamttianguli
1702 4236 1751 4283 re·

490 4336 628 4419 ffilittel,
644 4354 720 4417 quae
737 4328 860 4400 dicitur
880 4326 1088 4419 triangulum
1111 4320 1291 4397 scalenum.
1308 4318 1540 4424 Quamobrem
1555 4313 1577 4386 fi
1593 4314 1675 4387 dicu
1691 4320 1753 4384 tri-

490 4425 884 4543 agnhmscalenumelle
899 4429 1042 4524 figuram
1059 4428 1194 4528 planam
1211 4426 1318 4499 rtibttt
1329 4426 1426 4497 lineis
1442 4416 1523 4495 resti
1534 4412 1752 4516 inaqutltbut

485 4548 724 4625 terminatam
744 4530 977 4607 definitionem
993 4530 1095 4605 ltabea
1109 4530 1267 4622 trianguli
1286 4522 1404 4601 scaleni
1419 4520 1596 4597 reblilinei.
1613 4516 1752 4595 Utrobi-

486 4672 556 4747 que
566 4626 863 4719 nontecensentut
877 4632 937 4708 nist
946 4629 1141 4708 essentialia:
1169 4635 1296 4703 etenim
1313 4623 1565 4721 &triangulum
1578 4626 1614 4700 io
1628 4649 1752 4720 genere

485 4744 621 4841 (Vobis
627 4745 761 4840 logica)
1201 4736 1258 4806 Cc
1673 4750 1753 4799 con·
