4834 5634
605 596 626 625 ,Ι
630 484 724 619 fin
736 491 1057 595 taruanorum
1066 496 1197 587 cuca
1206 507 1485 600 ratmanno.
1656 517 1746 622 333

426 710 984 831 ditiaaemunciatisngnofcatar
1005 707 1215 815 definitum
1248 707 1491 795 ratiocinando
1514 711 1673 828 colligere
1696 711 1741 793 li·

428 854 496 933 cet,
516 827 796 949 quadreioboia
811 825 1497 946 quoqnecoaoenotnotioindrfinitione
1521 828 1662 933 definito
1681 849 1739 907 ot·

428 944 586 1031 anaia.
638 940 683 1026 Si
698 947 802 1023 enim
817 946 988 1023 terminis
1015 941 1114 1021 fixus
1139 939 1337 1047 respondet
1353 940 1605 1049 significatus,
1633 946 1737 1021 inva-

430 1050 521 1145 riau
536 1056 679 1143 iisdem
700 1058 899 1168 respondet
910 1061 1020 1138 notio
1037 1057 1088 1162 (p.
1101 1054 1217 1160 129.)‚
1246 1078 1356 1167 atque
1365 1058 1462 1138 adeo
1482 1059 1681 1169 agnoscere
1691 1055 1735 1137 li·

428 1196 511 1279 cet,
538 1200 636 1257 num
653 1177 711 1255 rei
727 1173 1058 1257 obviaconveniat
1073 1170 1151 1251 hoc
1167 1167 1228 1249 vel
1246 1169 1340 1253 illud
1361 1172 1603 1281 praedicatum
1623 1238 1635 1276 ,
1660 1171 1736 1253 five

431 1288 600 1375 absolute
617 1287 875 1399 pofitu1n‚s1ve
893 1287 958 1368 sub
975 1308 1075 1368 certa
1085 1286 1307 1367 conditione
1322 1294 1563 1372 enunciatum
1579 1292 1735 1396 (ugo),

432 1407 803 1515 coul'equcntercum
814 1404 1006 1512 praedicata
1021 1400 1093 1481 live
1110 1398 1278 1481 ablolute
1299 1402 1432 1510 polita,
1470 1405 1542 1487 five
1554 1405 1619 1487 sub
1635 1425 1734 1483 certa

432 1520 657 1607 conditione
670 1525 864 1600 enunciata
883 1519 929 1597 acl
940 1517 1140 1598 definitum
1157 1516 1434 1620 agaroscendum
1445 1522 1662 1602 fitfficicutia
1679 1523 1737 1597 vi·

432 1666 520 1721 cem
548 1637 783 1717 definitionis
812 1654 985 1714 tucantur
1014 1634 1068 1739 (l.
1100 1634 1216 1738 153),
1244 1637 1502 1716 ratiocinando
1532 1638 1620 1717 inde
1655 1631 1737 1714 col-

432 1752 631 1861 ligimus,
673 1750 780 1861 quod
811 1748 938 1829 cidem
976 1754 1176 1829 conveniat
1217 1745 1418 1830 definitrun
1447 1754 1501 1859 (§.
1532 1752 1666 1857 349),
1686 1770 1738 1830 at·

432 1894 506 1981 que
532 1868 624 1949 inde
652 1893 771 1974 porro
800 1861 937 1945 inferre
962 1862 1064 1965 licet,
1099 1861 1209 1972 quod
1255 1863 1380 1944 eidem
1420 1895 1575 1977 quoque
1598 1891 1739 1947 conve·

431 1988 508 2065 nint
536 1980 726 2086 definitio,
753 1980 816 2061 seu
865 1983 978 2063 notio
1015 1982 1056 2057 in
1093 1976 1319 2061 definitione
1368 1978 1528 2063 definito
1567 1978 1740 2062 attributa

432 2098 590 2207 (tcta).

560 2259 724 2358 Exempla
740 2263 774 2331 in
790 2254 934 2329 Mathesi
949 2278 1139 2331 occurrunt.
1192 2258 1358 2331 Ponamus
1368 2263 1458 2330 enim
1474 2244 1536 2331 nos
1552 2254 1740 2351 agnoscere,

482 2362 695 2455 triangulum
708 2360 845 2457 aliquod
866 2358 964 2432 nobis
982 2358 1120 2431 obvium
1145 2354 1357 2431 reililineum
1381 2357 1445 2433 ell'e
1470 2361 1735 2455 aequiangulum:

482 2466 566 2539 hine
587 2459 663 2535 sane
680 2460 924 2547 concludimus,
954 2458 1154 2557 quodetiam
1168 2458 1206 2531 stt
1221 2460 1459 2556 aquilaterum.
1512 2461 1613 2537 Unde
1629 2488 1736 2559 porro

482 2560 677 2651 inferimus,
687 2562 778 2661 quod
797 2562 905 2633 eidem
915 2562 1084 2651 triangulo
1101 2584 1235 2657 quoque
1260 2568 1436 2635 conveniat
1459 2560 1609 2635 definitio
1635 2569 1737 2636 trian-

481 2662 991 2764 guliaequilateri,nempequod
1007 2662 1596 2763 habeattrial-aterainterleaequalia.
1637 2667 1738 2741 Plura

482 2766 639 2843 dabimus
646 2764 799 2864 exempla
816 2761 968 2837 inferius.

1759 762 1978 862 plicandirde·

1757 865 1972 953 finitionibus.

956 3048 959 3053 ·
1002 2988 1030 3075 §-
1085 2992 1176 3074 504·

567 3164 896 3289 QoniamDidlo
913 3167 961 3249 de
978 3170 1134 3250 Omni&
1150 3164 1257 3251 nullo
1275 3195 1410 3249 omnes
1436 3175 1604 3250 nituntur
1626 3166 1736 3272 syllo-
1765 3168 1879 3234 Votum
1905 3161 1977 3248 “sm

430 3282 543 3395 gismi
553 3286 604 3391 (p.
616 3274 732 3391 353.)'‚
741 3289 780 3364 vi
800 3282 891 3366 didli
901 3305 1028 3365 autem
1037 3285 1084 3366 de
1107 3283 1380 3367 omniunullo
1389 3286 1581 3393 praedicata
1590 3282 1738 3364 ablolu-
1764 3257 1952 3388 f’fsllsifllstl'

431 3423 494 3503 te,
522 3396 586 3479 vel
601 3398 668 3482 sub
685 3400 767 3479 dcta
783 3400 1005 3482 conditione
1020 3402 1067 3481 de
1084 3399 1251 3502 subjeclo
1262 3400 1491 3481 enuncianda
1508 3399 1574 3481 iub
1592 3402 1736 3507 generi-
1763 3367 1836 3438 ὀίω
1858 3384 1955 3431 ''m‘'

438 3516 512 3599 bus
537 3540 581 3595 ac
591 3510 783 3622 speciebus
800 3519 987 3597 contentis
1000 3516 1295 3623 vindicantur(§.
1305 3515 1440 3621 346&
1457 3515 1592 3627 sequ),
1606 3516 1737 3598 desini·
1762 3494 1776 3545 ²

433 3636 698 3715 tionesautem
706 3630 754 3711 ad
770 3658 828 3713 res
839 3629 970 3712 obvias
986 3630 1218 3737 applicantur
1228 3631 1265 3712 dc
1275 3658 1332 3711 res
1343 3630 1463 3713 obvia
1472 3632 1519 3713 ad
1536 3631 1596 3713 sua
1617 3650 1738 3741 'gene-

434 3774 473 3829 ra
489 3746 646 3855 suasque
658 3745 796 3853 species
805 3746 1032 3828 reducuntur
1041 3747 1092 3855 (p.
1112 3752 1257 3855 349.)3
1290 3750 1418 3829 onmis
1439 3749 1590 3830 tandem
1617 3751 1740 3831 nollra

433 3864 675 3945 ratiocinatio
690 3887 739 3943 eo
748 3862 882 3965 tendit,
891 3882 932 3943 ut
942 3888 1000 3944 res
1010 3860 1196 3945 obviasad
1212 3864 1274 3944 sua
1291 3889 1427 3968 genera
1452 3864 1607 3976 suasque
1624 3865 1741 3972 speci·

433 4004 476 4061 es
493 3978 717 4059 reducamus
737 3974 896 4087 ipsisque
941 3977 1133 4084 praedicata
1176 3982 1438 4060 convenientia
1483 3980 1739 4061 attribuamus.

433 4089 708 4216 Qamobrem
718 4114 758 4173 ut
765 4093 829 4174 hic
847 4093 1029 4173 utendum
1045 4092 1086 4174 fit
1094 4097 1278 4176 terminus
1293 4094 1379 4175 fixis
1406 4093 1443 4173 ὅ(
1465 4116 1630 4177 accurata
1648 4092 1739 4173 defi-

434 4218 585 4293 nitione
598 4206 792 4317 explicatis
809 4210 859 4315 (l.
872 4208 1006 4314 499&
1014 4210 1165 4323 seqq.)‚·
1202 4207 1388 4293 eorundem
1405 4205 1681 4325 indispensnlilu
1700 4213 1740 4288 in

434 4322 687 4411 ratiocinando
706 4340 788 4429 usur
817 4347 985 4439 apparet.

572 4437 680 4522 Idem
696 4468 850 4553 quoquc
864 4437 933 4520 alia
958 4440 1082 4524 adhuc
1099 4442 1245 4521 ratione
1262 4439 1461 4539 evincitur,
1521 4432 1563 4515 ln
1590 4431 1741 4542 syllogi-

432 4554 759 4669 llnlsspecialiora
776 4555 1042 4645 concludimus
1059 4586 1107 4641 ex
1133 4549 1430 4662 generalioribus
1448 4613 1461 4656 ,
1488 4551 1740 4661 quemadmo-

1645 4668 1738 4753 dum

1778 3462 1951 3543 iocinanda.
