4834 5634
557 502 568 521 ⁹
650 553 712 667 18
1049 541 1160 669 Cap.
1182 530 1252 639 II.
1270 532 1352 639 De
1368 438 1682 673 Philosophia

695 716 809 849 ¹titur,
834 761 940 838 dubio
956 763 1050 838 loeua
1066 786 1137 835 non
1151 759 1214 832 est:
1242 755 1404 855 quamdiu
1416 782 1498 831 vero
1518 761 1702 853 ignoratur,
1720 759 1819 837 nobis
1834 756 1975 859 quidem

705 865 848 967 perinde
864 863 932 951 esl,
955 864 1021 940 five
1035 860 1187 962 quadam
1202 861 1299 944 adsrr,
1325 857 1392 933 sue
1407 856 1507 931 nulla.
1558 864 1717 957 Utroque
1732 863 1769 933 in
1786 856 1861 934 casu
1878 861 1919 937 de
1933 887 1973 939 re

635 982 638 987 '
708 966 769 1041 isla
784 970 820 1037 in
837 963 1053 1121 philosophia
1067 964 1211 1039 filemua.
1253 1072 1271 1159 ς
1339 1077 1386 1170 38

329 1206 332 1211 '
424 1204 522 1305 Qod
532 1208 622 1300 easta
794 1184 893 1267 Fieri
908 1178 1186 1299 quoquepotesl‚
1215 1204 1256 1262 ιιι
1265 1174 1499 1293 philosophiae,
1516 1175 1666 1288 qualem
1682 1173 1790 1284 supra
1804 1174 1980 1258 definivi-

426 1322 464 1382 in
478 1308 584 1399 nostra
666 1322 753 1383 mus
778 1302 832 1407 (l.
850 1304 956 1401 29.),
988 1320 1155 1413 conrpates
1172 1292 1378 1377 reddamur.
1435 1289 1529 1374 Nos
1546 1297 1650 1374 enim
1674 1316 1756 1373 non
1771 1295 1879 1373 irrito
1896 1289 1979 1370 suc·

426 1408 582 1515 ΜΨ·
668 1412 766 1498 cessu
782 1410 886 1523 posse
923 1412 1074 1494 scrutari
1110 1415 1273 1493 rationes
1297 1436 1454 1511 eorum,
1492 1434 1572 1519 quae
1603 1407 1687 1489 sunt
1723 1425 1833 1516 atque
1861 1406 1981 1510 siunt,

669 1530 751 1639 ipso
768 1525 869 1612 sadlo
887 1546 998 1635 patet.
1055 1524 1119 1609 De
1135 1554 1185 1608 eo
1200 1528 1279 1607 ello
1295 1526 1503 1628 judicium,
1534 1524 1600 1606 ubi
1617 1521 1900 1634 philosophiam
1909 1542 1983 1601 tra·

670 1646 889 1729 diderimun
918 1639 999 1763 Qui
1016 1671 1080 1724 ver
1095 1648 1293 1724 orationes
1317 1636 1572 1723 demonstrare
1598 1636 1696 1719 valet
1713 1663 1872 1740 eorum,
1899 1660 1982 1748 quae

671 1762 755 1843 sunt
771 1764 881 1869 aique
896 1758 1011 1860 fimat,
1040 1764 1071 1841 is
1096 1755 1402 1866 philosophiam,
1417 1751 1570 1864 qualem
1591 1755 1698 1862 supra
1721 1753 1985 1857 definivimus,

674 1874 784 1958 callet
812 1879 924 1983 (im.
943 1876 1034 1981 32).
1087 1870 1190 1954 Fieri
1199 1872 1295 1954 adeo
1304 1869 1439 1982 potest,
1465 1890 1506 1950 ut
1515 1866 1766 1984 philosophia
1782 1885 1986 1977 compotes

677 1990 889 2073 reddamur.

798 2109 886 2175 Non
903 2096 1120 2199 disputamus,
1145 2123 1306 2201 quantum
1324 2102 1360 2171 in
1367 2095 1701 2198 philosophiathomo
1709 2095 1876 2201 proficere
1887 2114 1989 2195 queat

636 2234 641 2242 ’
730 2210 828 2278 Vana
845 2204 891 2277 est
899 2205 1010 2276 omnis
1019 2205 1090 2274 haec
1101 2198 1292 2300 disputatio.
1303 2200 1521 2274 Veniendum
1529 2201 1642 2278 denuo
1650 2207 1687 2275 in
1702 2227 1776 2275 rem
1784 2197 1990 2302 praesentem

725 2300 1342 2401 ,Successusdocebitunumquemque,
1358 2301 1579 2398 quidvaleant
1587 2307 1733 2393 humeri,
1743 2300 1826 2402 quid
1834 2296 1926 2375 serre
1938 2320 2005 2373 re·¹

736 2403 860 2479 cusent.
914 2403 1041 2499 ands
1050 2399 1248 2503 philosophi
1256 2402 1518 2475 Mathematicus
1527 2407 1713 2494 imitentur,
1722 2402 1932 2479 urrnerhndo
1942 2424 1992 2473 ae·

735 2527 848 2581 curata
866 2504 1013 2591 tradant,
1035 2528 1108 2601 quae
1122 2528 1263 2602 reperta
1279 2508 1344 2597 jam
1362 2502 1454 2593 sunt,
1480 2508 1636 2580 veritates
1651 2506 1684 2579 dr
1699 2511 1741 2580 iis
1749 2497 1989 2605 plureasuper·

736 2604 862 2679 struere
878 2602 1063 2678 allaborent
1079 2607 1390 2680 continuoulteriua
1405 2607 1677 2704 progredientes·,
1692 2602 1907 2709 philosophia
1918 2628 1992 2703 per·

737 2704 816 2777 inde
832 2703 1036 2777 aelvlarhesra
1053 2732 1141 2779 nova
1155 2709 1262 2779 indies
1278 2708 1387 2803 capiet
1402 2710 1617 2784 incrementa.
1641 2715 1825 2783 Enimvero
1840 2700 1900 2779 suo
1916 2706 1993 2779 loeo

737 2805 1258 2893 demonstrabimus,&omnium
1267 2831 1395 2896 eorum,
1430 2804 1791 2896 uaesuntacfiunr,dari
1805 2813 1994 2895 rationem,

740 2933 801 2981 cur
815 2907 877 2979 fint
894 2906 1061 2996 velfian13
1088 2909 1191 2982 &eas
1223 2910 1358 2983 homini
1372 2833 1437 2981 elle
1460 2904 1653 3000 facultates,
1669 2936 1708 2987 ut
1720 2915 1882 2983 rationem
1898 2904 1996 2979 illam

742 3004 879 3083 scrutari
894 3008 928 3080 dr
946 3007 1195 3085 inhacscientia
1212 3010 1316 3085 indies
1334 3008 1476 3083 ulterius
1484 3014 1646 3111 progredi
1656 3009 1792 3113 possint.
1816 3009 1879 3084 Sed
1888 3004 1997 3081 istiua-
2067 3066 2070 3075 .

743 3108 839 3183 modi
864 3109 1102 3185 demonstratio
1117 3138 1133 3183 a
1149 3113 1266 3185 limine
1274 3108 1496 3211 philosophia
1504 3115 1675 3203 abhorret,
1687 3142 1759 3213 quar
1768 3112 1934 3213 principia
1941 3108 1998 3187 be*

741 3236 786 3285 ne
801 3210 1294 3309 multaexLogica,0nrologia
1306 3213 1338 3284 dr
1349 3208 1571 3311 Psychologia
1591 3241 1774 3291 mutuatur.

354 3394 357 3404 Ι
462 3417 660 3518 Philosophia
807 3425 980 3528 Pofflbilis
993 3434 1105 3514 etiam
1117 3330 1331 3546 philosopha
1338 3342 1454 3537 subit,
1469 3424 1668 3535 Medicina,
1682 3440 1820 3519 artium
1828 3456 1998 3633 Ίῖαηιηι·

454 3520 665 3645 jurium·
696 3568 840 3661 cunque.
894 3541 1006 3627 Nam
1024 3571 1050 3625 1.
1067 3539 1422 3653 inJurisprudenrin
1437 3548 1623 3631 docentur
1646 3550 1756 3659 leges.
1886 3578 2002 3658 egum

465 3642 680 3717 ‘mmmm'
699 3658 834 3741 dantur
850 3663 1033 3764 rationes,
1062 3687 1130 3740 cur
1145 3664 1275 3766 potius
1292 3659 1370 3766 hae,
1399 3689 1513 3774 quarn
1529 3662 1606 3746 aliar
1623 3670 1662 3751 in
1686 3665 1779 3777 Rep.
1798 3665 1865 3749 sant
1880 3665 2005 3749 seren·

699 3774 765 3855 da.
822 3769 890 3855 Eu
903 3780 1019 3882 igitur
1033 3774 1204 3886 quaedam
1228 3776 1399 3883 scientia,
1428 3808 1509 3890 quae
1534 3781 1693 3891 explicat
1716 3785 1798 3866 illas
1821 3786 2006 3891 rationes,

700 3888 872 4000 adeoque
887 3889 1131 3999 philosophia
1145 3892 1237 3992 juris
1253 3894 1302 4001 (l.
1321 3919 1369 4000 31.
1389 3896 1480 4002 32).
1503 3922 1536 3977 a.
1555 3894 1802 3981 lnhsedicina
1817 3903 1941 4007 agitur
1957 3903 2005 3981 de

703 4004 874 4107 salutate,
891 4007 940 4087 de
953 4005 1129 4110 morbis,
1152 4007 1201 4087 de
1217 4010 1284 4113 iis,
1308 4038 1389 4119 quae
1406 4010 1596 4093 sanitatem
1629 4016 1861 4119 consenum,
1886 4016 1933 4095 de
1947 4042 2005 4095 re-

706 4118 842 4204 mediis
860 4121 1097 4206 morborum.
1162 4119 1240 4205 Sed
1264 4123 1399 4207 duntur
1421 4132 1583 4211 rationes
1599 4131 1759 4215 sinuatis
1775 4152 1884 4242 atque
1901 4158 2006 4212 mor-

705 4234 860 4339 borum,
880 4264 950 4320 nec
966 4238 1066 4321 deest
1080 4242 1189 4345 rati0‚
1210 4268 1278 4322 cur
1293 4239 1373 4323 hac
1389 4243 1448 4325 vel
1465 4246 1529 4324 illa
1555 4244 1745 4331 sanitatem
1769 4246 2010 4359 conservent,

706 4348 786 4433 hac
802 4350 861 4433 vel
878 4352 942 4434 isla
958 4354 1229 4439 medicamento
1248 4357 1428 4442 morbum
1444 4361 1579 4445 sanent.
1648 4365 1747 4449 Non
1770 4360 2011 4471 impossibilis

705 4467 832 4574 itaque
854 4467 1003 4552 scientia
1024 4474 1187 4555 rationes
1208 4472 1291 4557 illas
1337 4502 1554 4585 exponens,
1578 4482 1749 4595 adeoque
1764 4474 2012 4593 philosophia

705 4574 984 4677 artisMedicae„
1034 4614 1066 4701 3.
1084 4582 1131 4677 lu
1148 4618 1374 4708 quacunque
1399 4612 1476 4677 arte
1500 4591 1569 4679 ulia
1595 4626 1677 4687 nou
1700 4594 1830 4681 desunt
1845 4599 2013 4707 rationes

1852 4740 2011 4823 eorum,
