4834 5634
681 576 829 715 494·
842 540 990 671 Part.
1006 560 1210 673 Iisdeii.
1230 554 1297 665 II.
1321 558 1430 693 Cap.
1447 512 1513 662 II.
1548 482 1918 686 Deformaridir·

733 794 814 871 beat
822 790 983 889 anguium
996 810 1087 862 exeo
1095 778 1240 881 solnjam
1249 754 1666 877 agnosciturtriangulom,
1675 782 1769 881 quod
1778 778 1819 857 iit
1832 728 1963 857 trinub-
2000 746 2004 756 Ι

574 968 580 981 ,
738 896 866 971 teribus
874 894 1108 969 terminatum,
1116 910 1179 957 nee
1194 908 1283 985 opus
1293 884 1339 957 est
1350 906 1385 955 ut
1393 906 1458 955 una
1474 884 1713 977 adnumerum
1731 884 1965 977 angulum.-

740 996 866 1072 tendat.
917 972 1968 1105 Sedplutadedefinitionibuesuperfluerentipendbmdjodpr
2006 1032 2015 1043 .

710 1150 713 1155 -
742 1097 888 1173 inferius
1279 1092 1313 1175 §·
1341 1092 1411 1171 681·
1646 1172 1648 1177 ,
1907 1136 1930 1147 =-
2015 1142 2021 1161 .

444 1204 671 1299 &amended
712 1224 717 1229 ·
803 1198 1003 1311 Qioniam
1017 1174 1146 1293 notae,
1161 1216 1244 1301 quai
1263 1188 1526 1277 definitionem
1541 1186 1838 1297 ingrediuntur,
1861 1184 1976 1301 apd
2024 1226 2027 1233 ·

432 1326 605 1391 ,nationum
619 1336 641 1380 a
692 1340 760 1398 me
778 1310 847 1396 tib
862 1304 1241 1395 determinationibus
1256 1298 1537 1413 particularibus
1556 1324 1668 1417 atque
1682 1308 1893 1415 peregrinis
1905 1304 1979 1389 adeo

344 1426 348 1437 ’
444 1419 610 1521 posteriori
624 1432 672 1481 ’θ’
693 1428 838 1533 latent,
861 1428 984 1509 utvix
999 1420 1267 1531 agnoscantur,
1282 1418 1372 1499 ideo
1388 1414 1604 1502 consultum
1620 1420 1703 1527 est,
1727 1440 1772 1503 ut
1787 1418 1983 1529 dfirdtbu
2025 1462 2029 1473 =

443 1537 620 1621 pertarum
685 1554 764 1629 'uno
778 1544 937 1627 alterove
949 1540 1107 1653 exempb
1123 1560 1228 1617 eruta
1243 1530 1495 1651 cumpbribus
1509 1538 1594 1617 aliis
1610 1536 1838 1639 corfiratur:
1864 1542 1986 1621 etaim
2028 1578 2036 1649 p

694 1666 738 1745 in
753 1684 835 1743 uno
850 1648 1044 1751 manifesta
1059 1650 1133 1737 effe
1144 1644 1320 1765 poisunt,
1334 1676 1419 1759 que
1436 1652 1477 1731 in
1494 1646 1613 1733 altero
1628 1646 1746 1735 latent
1763 1713 1784 1758 ,¹
1804 1672 1870 1735 aut
1882 1648 2000 1737 tibin·
2034 1660 2036 1721 ἓ

698 1776 747 1857 de
772 1779 813 1855 iri
838 1800 919 1857 uno
936 1774 1066 1853 minus
1080 1764 1223 1871 latent,
1246 1792 1326 1875 quae
1344 1768 1385 1845 in
1401 1758 1521 1847 altero
1536 1762 1766 1875 profundius
1782 1762 1990 1853 absconditi

697 1888 829 1977 immo
851 1918 912 1971 nec
928 1886 1090 1971 utilitate
1097 1882 1168 1985 sua
1182 1904 1284 1985 earet
1301 1940 1313 1983 ‚
1332 1880 1374 1985 st
1393 1876 1548 1983 dfint'tio
1564 1882 1863 2001 cumexempliea
1951 1898 1956 1907 '
1981 1946 1991 1987 ‚

698 2028 782 2119 que
797 1998 938 2087 scilicet
953 2026 1045 2085 cum
1060 1996 1221 2079 definito
1238 1992 1381 2105 'aliquid
1397 1994 1585 2081 affinitatis
1601 1994 1743 2081 iubent
1757 2058 1771 2103 ,
1787 2026 1851 2083 m
1868 2016 1992 2087 aar:

698 2126 752 2205 ita
767 2122 950 2201 nimirum
967 2115 1198 2215 innoteicit,
1227 2136 1319 2191 num
1337 2106 1438 2191 forte
1456 2106 1598 2221 aliquid
1614 2112 1994 2207 deficientem

697 2236 1042 2347 praeteriremus,
1066 2226 1176 2339 quod
1189 2228 1304 2309 nimia
1319 2250 1340 2305 a
1354 2224 1460 2309 sensu
1477 2228 1518 2307 iu
1539 2254 1579 2309 re
1593 2232 1773 2341 percepta
1791 2226 1996 2323 movebe-

699 2374 764 2437 tur
1643 2370 1645 2375 ·
1748 2362 1751 2371 “

802 2464 838 2533 Si
854 2460 931 2559 quia
947 2456 1047 2559 plote
1059 2453 1211 2555 exempla
1226 2480 1294 2529 una
1309 2454 1489 2555 perpendit
1504 2454 1681 2531 notionem
1690 2456 1744 2531 rei
1760 2444 1843 2537 inde
1850 2448 2006 2545 m.

752 2566 782 2639 ie
796 2558 895 2635 facile
909 2558 1126 2633 multitudine
1146 2554 1378 2647 confunditur.
1408 2556 1541 2631 Praestet
1555 2560 1669 2657 itaque
1681 2560 1828 2649 emdeni
1844 2558 1998 2637 amorl-

674 2720 677 2725 .
751 2656 1998 2759 terove,fiveexduobue‚quemadmodumanobiitnot.§.67841ftflut'beffi
2034 2732 2038 2753 ,

754 2765 919 2839 deducere
934 2756 1094 2860 repostea
1109 2758 1249 2833 eandem
1269 2760 1469 2849 examinare,
1483 2758 1689 2857 inquirendo
1704 2754 1830 2841 scilieet
1842 2760 2000 2839 utinudiit

753 2888 892 2963 quoque
902 2860 1063 2960 exemplis
1073 2865 1261 2933 conveniat.
1292 2859 1419 2961 Quodii
1429 2864 1518 2935 enim
1528 2860 1679 2957 quadam
1695 2866 1786 2939 inter
1799 2856 1998 2941 norn'minus

753 2960 1236 3049 resterelatrfuerint,velalia
1246 2957 1384 3059 prorsus
1395 2958 1596 3049 defecerin13
1617 2965 1712 3060 quod
1723 2972 1832 3041 minue
1843 2960 1931 3039 rede
1944 2958 2001 3040 sese

760 3068 862 3143 habet
877 3062 1108 3139 emendabitur
1124 3064 1157 3135 dt
1176 3060 1326 3137 defediua
1343 3059 1442 3137 facile
1459 3065 1520 3137 hac
1532 3068 1663 3139 ratione
1682 3058 1901 3171 supplebitur.

1161 3276 1168 3286 ,
1310 3198 1434 3293 ‚682

459 3322 594 3419 Quadi
608 3348 659 3393 no
818 3313 858 3394 Si
872 3316 910 3393 in
925 3336 969 3393 re
981 3330 1147 3425 percepta
1160 3336 1229 3391 non
1245 3196 1349 3393 noim
1366 3312 1477 3393 multa
1490 3318 1943 3437 contineantur,eoruntpne
1955 3306 1999 3393 d·-

459 3434 504 3495 21'0
513 3422 662 3515 timentia
701 3430 851 3529 lirimen
865 3433 903 3508 in
919 3422 1058 3533 fetrfiam
1070 3434 1265 3517 incurram
1289 3426 1429 3545 fingula
1436 3430 1795 3547 primumstgt'llattm
1811 3426 1999 3543 contempit

459 3522 648 3597 ’mmm
705 3566 784 3641 tut,
798 3538 920 3622 deinde
936 3536 1146 3622 ordinemne
1159 3568 1417 3631 nexameurum
1432 3548 1623 3627 nuditates
1634 3558 1809 3631 notionem
1825 3542 1998 3649 distendam

706 3658 802 3741 iliius
817 3658 1047 3770 consequitur.
1083 3650 1240 3737 Etenim
1256 3656 1281 3739 fi
1300 3686 1358 3739 res
1374 3680 1545 3766 percepta
1562 3688 1642 3742 non
1659 3667 1774 3747 nimis
1793 3662 1908 3747 multa
1923 3684 1995 3747 con·

706 3777 843 3873 tinear,
868 3769 1111 3850 multitudine
1127 3798 1263 3853 eorum
1281 3836 1292 3876 ,
1318 3802 1397 3884 quat
1416 3800 1488 3855 una
1503 3776 1630 3857 eidem
1647 3776 1882 3879 objiciuntur
1899 3844 1911 3883 ,
1933 3798 1992 3859 non

708 3882 984 3986 confunditur,
1010 3885 1183 3995 adeoque
1205 3916 1297 3968 cum
1321 3910 1491 3997 practerea
1511 3917 1647 3973 eorum
1663 3892 1867 3977 discrimen
1883 3900 1918 3975 in
1932 3892 1992 3973 seu·

708 4003 791 4085 sum
808 4005 997 4100 incurrat,
1022 3997 1161 4107 singula
1180 4064 1191 4105 ‚
1220 4032 1300 4114 quac
1318 4010 1358 4084 in
1377 4005 1510 4086 eadem
1525 4014 1791 4115 continentur,
1808 4002 1990 4120 agnosci&

707 4146 797 4199 cum
814 4120 911 4199 inter
928 4116 965 4197 se
982 4120 1148 4197 invicem
1177 4180 1190 4219 ,
1236 4140 1321 4200 tum
1346 4144 1365 4200 a
1388 4148 1428 4201 re
1452 4144 1624 4231 percepta
1648 4126 1828 4235 distingui
1853 4122 1987 4237 possunt·

707 4231 812 4314 Fieri
835 4234 931 4315 adeo
946 4230 1095 4341 potest,
1121 4252 1162 4313 ut
1177 4234 1346 4333 ejusdem
1364 4241 1417 4317 rei
1441 4242 1641 4319 notionem
1657 4240 1870 4327 distindiam
1886 4232 1988 4323 consc-

708 4372 869 4457 quamur
894 4350 953 4455 (b.
980 4348 1111 4455 678.)
1175 4344 1442 4461 Quamobrem
1467 4348 1493 4433 fi
1518 4354 1566 4434 ad
1590 4352 1729 4463 singula
1756 4358 1841 4443 ac‘lu
1858 4348 1986 4439 aiendi

710 4490 797 4542 mus
813 4462 1022 4573 eademque
1038 4490 1167 4543 cuma
1190 4470 1228 4543 ie
1251 4470 1446 4569 invicem,
1470 4488 1553 4567 tum
1579 4496 1598 4550 a
1627 4500 1667 4552 re
1690 4498 1865 4585 percepta
1887 4468 1986 4553 distin

709 4579 901 4683 guimas,
938 4576 977 4658 dt
1008 4602 1088 4689 quo
1120 4578 1256 4663 ordine
1287 4580 1324 4663 se
1355 4586 1521 4667 invicem
1549 4585 1823 4699 consequantu
1851 4616 1894 4671 ac
1915 4602 1986 4693 qno

1822 4692 1828 4701 ’
1888 4690 1983 4785 modo
