4834 5634
864 849 1250 961 viribus
1285 848 1403 1005 in·
1434 844 2093 990 convincenda,
2112 852 2960 981 controvertendO,
3001 869 3174 961 etc.
3273 972 3284 983 ⁸
3317 868 3516 995 839

867 1084 1147 1165 fluere:
1200 1104 1379 1160 cum
1412 1100 1574 1159 non
1604 1074 1989 1177 admittat,
2020 1062 2620 1183 propofitionem
2668 1076 2992 1190 aliquam
3029 1110 3128 1162 ex
3167 1081 3328 1163 data
3369 1081 3510 1190 hy-

868 1193 1161 1305 pothesi
1192 1193 1319 1273 seu
1363 1188 1885 1299 propositione
1914 1188 2051 1269 alia
2096 1194 2372 1292 fluere,
2403 1190 2555 1271 'nifi
2593 1220 2817 1302 quam
2879 1195 3214 1303 legitima
3276 1204 3504 1281 ratio-

862 1315 1254 1413 ciniorum
1286 1310 1903 1389 concatenatione
1935 1305 2115 1386 inde
2148 1301 2422 1386 inferre
2481 1306 2674 1387 valet
2708 1311 2810 1415 (ᾗ.
2851 1335 2994 1413 551.
3057 1312 3134 1392 ὅ(
3194 1313 3390 1422 seqq.
3427 1318 3500 1421 )‚

854 1454 1021 1509 non
1048 1422 1385 1506 affurntis
1438 1425 1826 1531 principiis
1883 1417 2023 1500 nifi
2073 1417 2460 1502 evidenter
2493 1427 2686 1503 veris
2738 1425 2847 1532 (§.
2883 1430 3054 1527 562.
3093 1425 3163 1532 ).
3288 1426 3496 1513 Fieri

856 1542 1053 1625 adeo
1096 1540 1387 1651 nequit,
1422 1556 1505 1620 ut
1540 1535 1811 1620 inscius
1840 1534 2454 1645 consequentiam
2490 1535 2814 1647 aliquam
2847 1545 3190 1651 precario
3223 1542 3492 1629 sumat.

1098 1754 1184 1840 Si
1216 1758 1385 1868 quis
1415 1758 1693 1837 virtute
1723 1754 2077 1859 praeditus
2113 1744 2383 1858 fuerit,
2441 1751 2562 1835 vel
2595 1753 2700 1836 ob
2735 1752 2932 1837 male
2961 1755 3153 1841 fasta
3190 1760 3494 1866 pudore

859 1872 1311 1958 suffunditur
1346 1899 1373 1964 3
1430 1875 1493 1952 is
1524 1897 1667 1951 nec
1702 1870 1935 1951 sciens
1975 1868 2585 1978 consequentiam
2617 1868 2944 1981 aliquam
2975 1880 3317 1981 precario
3374 1874 3495 1955 su-

860 2018 1111 2094 mere,
1170 1984 1421 2069 multo
1458 1991 1711 2067 minus
1742 1983 2031 2067 sensum
2062 1981 2474 2065 verborum
2506 1984 2802 2067 alterius
2835 1992 3090 2103 iniqua
3131 1993 3495 2096 interpre-

860 2110 1148 2188 tatione
1195 2120 1619 2212 pervertere
1667 2098 1907 2206 valet,
1942 2116 2027 2183 ut
2052 2096 2300 2211 aliqua
2338 2103 2497 2183 veri
2525 2098 2771 2209 specie
2828 2105 3150 2185 eandem
3195 2102 3493 2186 sumere

858 2223 1235 2331 imperitis
1266 2217 1625 2300 videatur.

1116 2365 1485 2451 Similiter
1519 2362 1571 2448 fi
1589 2370 1773 2561 1quis
1821 2358 2243 2469 intelligens
2294 2358 2564 2470 suerit,
2623 2368 2686 2447 is
2718 2371 2974 2472 novit,
3034 2365 3494 2479 propofitio-

870 2510 1055 2568 nem
1084 2482 1339 2565 fallam
1370 2485 1518 2583 jam
1546 2508 1589 2562 e
1642 2508 1687 2561 e
1718 2477 2111 2562 refutatam
2134 2542 2159 2583 ‚
2214 2473 2266 2558 fi
2296 2482 2504 2580 juxta
2535 2478 2870 2565 formam
2915 2486 3496 2568 demonstratio-

869 2607 990 2682 nis
1026 2595 1406 2681 indirediae
1436 2600 1654 2679 unica
1690 2593 2073 2702 colligitur
2102 2591 2524 2702 propofitio
2558 2594 2774 2692 falsa3
2813 2601 3268 2708 superfluum
3289 2598 3490 2679 adeo

858 2713 1037 2820 esse,
1072 2736 1155 2796 ut
1198 2742 1299 2795 cx
1331 2738 1415 2793 ea
1447 2709 1757 2793 ulterius
1788 2708 2054 2791 inferat
2102 2707 2279 2790 alias
2332 2710 2439 2818 (§.
2474 2737 2673 2818 1041.
2696 2716 2762 2822 ).
2874 2714 3081 2798 Fieri
3115 2716 3309 2797 adeo
3358 2738 3488 2792 ne-

865 2836 1061 2942 quit,
1095 2850 1179 2911 ut
1206 2828 1312 2909 ob
1346 2831 1847 2934 ignorantiam
1880 2823 2450 2935 consequentias
2483 2829 3184 2939 consequentiarum
3218 2855 3491 2910 cumu-

865 2945 994 3027 let.
1110 2940 1405 3068 Qodfi
1440 2943 1645 3024 idem
1693 2939 1921 3021 fuerit
1949 2939 2270 3047 sapiens,
2330 2967 2369 3020 a
2411 2940 2798 3052 superfluis
2825 2944 3219 3048 abhorret,
3277 2939 3496 3052 quod

866 3060 1011 3146 suo
1046 3057 1224 3141 loco
1254 3056 1434 3140 alibi
1492 3056 2159 3140 demonstrandum
2213 3053 2434 3139 facile
2487 3060 2931 3143 conceditur
2949 3072 2978 3164 ,'
3029 3062 3496 3168 consequen-

866 3197 983 3261 ter
996 3202 1140 3257 nec
1168 3172 1433 3259 volens
1448 3173 1751 3256 easdem
1801 3168 2152 3254 cumulat.
2267 3168 2373 3255 Et
2400 3179 2769 3285 quoniam
2801 3178 3006 3259 idem
3022 3180 3297 3257 virtute
3315 3199 3498 3281 prae·

870 3292 1075 3375 ditus
1102 3292 1231 3395 est,
1250 3290 1369 3373 vel
1402 3290 1515 3372 ob
1551 3288 1747 3370 male
1780 3285 1970 3369 fasta
2001 3287 2295 3395 pudore
2322 3289 2800 3397 suffunditur,
2832 3321 2972 3374 nec
3004 3316 3238 3399 pravo
3272 3286 3501 3368 inali-

868 3435 967 3491 os
997 3404 1271 3489 affectu
1302 3434 1400 3488 eo
1434 3405 1703 3485 adduci
1740 3403 1885 3483 sese
1914 3406 2229 3509 patitur,
2261 3424 2344 3487 ut
2378 3403 2611 3487 sciens
2644 3430 2735 3486 ac
2760 3408 3028 3490 volens
3059 3408 3322 3487 animo
3353 3427 3502 3482 no·

872 3525 1095 3607 cendi
1130 3521 1431 3603 easdem
1464 3515 1802 3600 cumulet
1834 3518 1935 3623 (§.
1962 3518 2259 3625 1042.)
2380 3620 2387 3625 -

1108 3634 1641 3755 Qamobrem
1674 3632 1723 3718 fi
1758 3638 1927 3742 quis
1960 3631 2036 3711 ἃ
2082 3630 2550 3745 intelligens,
2599 3634 2676 3717 ἂ
2723 3632 3054 3742 sapiens,
3103 3630 3196 3731 &f
3221 3633 3499 3711 virtute

868 3751 1221 3865 praeditus
1252 3748 1523 3853 fueri-t,
1573 3747 1692 3829 vel
1726 3748 1830 3830 ob
1864 3745 2058 3829 male
2109 3742 2299 3833 facia
2331 3752 2630 3861 pudore
2661 3750 3114 3833 suffunditur
3146 3777 3173 3842 3
3257 3750 3319 3827 is
3353 3771 3495 3824 nec

874 3871 1172 3968 inscius,
1203 3896 1343 3949 nec
1384 3867 1616 3948 sciens
1651 3891 1735 3946 ac
1769 3861 2034 3945 volens
2067 3869 2630 3979 consequentias
2660 3871 2997 3974 precario
3017 3867 3269 3967 sumit,
3294 3857 3499 3942 mul·

872 4002 959 4065 to
994 3987 1247 4063 minus
1279 3983 1373 4061 ad
1404 4008 1521 4063 eas
1538 3979 1982 4063 colorandas
1999 3982 2221 4066 verba
2238 3982 2534 4069 alterius
2547 3986 2898 4095 pervertit
2929 3982 3005 4065 ὅ(
3033 3981 3500 4091 consequen-

872 4102 1011 4183 tias
1042 4097 1741 4207 consequentiarum
1772 4095 2131 4181 cumulat.

1078 4242 1465 4338 Loquimur
1495 4240 1609 4311 hie
1644 4237 1725 4310 de
1760 4232 2273 4335 impoffibiiitate
2305 4240 2568 4329 morali,
2584 4264 2724 4313 non
2753 4234 3050 4341 physica,
3072 4231 3505 4335 quemadmo-

980 4343 1143 4417 dum
1178 4346 1247 4413 in
1302 4335 1495 4413 sacris
1530 4338 1931 4438 impoffibiie
1960 4338 2238 4432 dicitur,
2268 4363 2345 4412 ut
2374 4346 2558 4414 Deus
2593 4346 2990 4428 mentiatur,
3013 4340 3084 4414 ἃ
3115 4333 3336 4429 vulgo
3379 4334 3514 4405 im-

978 4442 1280 4545 poffibile
1297 4438 1693 4535 affirmatur,
1724 4460 1801 4513 ut
1834 4444 1939 4517 vir
1964 4442 2282 4521 honestus
2306 4440 2492 4517 idem
2525 4441 2602 4519 fit
2625 4435 3012 4517 malitiosus.

1984 4646 2055 4757 §.
2180 4670 2379 4737 1201.
2451 4664 2456 4669 '

1210 4792 1297 4877 Si
1340 4800 1501 4905 quis
1528 4796 1786 4901 fuerit
1827 4789 2055 4877 idiota
2086 4792 2181 4875 ἓν*
2230 4794 2664 4907 malitiosus,
2719 4798 2792 4878 is
2841 4798 3506 4911 eonstqmtimum
3541 4797 3826 4895 anam
3837 4821 3976 4871 cm.

868 4920 1081 5031 'agere
1120 4908 1373 5025 mest·
1542 4910 1815 5025 Quodss
1868 4912 2055 4999 idem
2122 4908 2301 4997 nuBo
2356 4920 2634 5020 pudor-e
2679 4910 3146 5022 fiaffundam
3171 4976 3202 5023 5
3251 4920 3504 5117 5535
3527 4900 3961 5101 {mg-tri.

3532 5100 3726 5210 1³0stst-
