4834 5634
1344 840 1517 955 De
1556 838 2311 983 interpretanda
2306 838 2842 983 scriptura
2831 846 3166 979 ficra.
3373 856 3454 961 6
3451 884 3604 999 97

2132 1068 2199 1177 §·
2260 1095 2440 1179 973·

932 1320 945 1329 ,
992 1314 997 1319 ,
1052 1310 1061 1317 .
1308 1230 1393 1315 Se*
1420 1254 1575 1353 quae
1602 1234 2059 1339 inscriptura
2076 1229 2281 1329 lbera
2296 1254 2678 1314 occurrant
2719 1260 2916 1316 voces
2941 1295 2968 1335 ‚
3025 1237 3282 1349 quibus
3305 1242 3577 1358 rquon.
3629 1237 4056 1331 Quamna-

944 1350 1195 1431 άινη
1224 1370 1525 1432 nonanes
1546 1344 1802 1431 babere
1838 1372 1975 1427 non
2002 1349 2363 1437 volemum
2402 1370 2544 1453 pro
2581 1358 2912 1431 terminit
2955 1358 3276 1437 inanibus
3315 1364 3568 1445 eadem
3625 1361 3730 1407 ces
3755 1365 3878 1411 non
3891 1366 4048 1445 pro-

946 1460 1277 1549 haebendae
1308 1464 1659 1571 nonsunt.
1768 1456 2083 1547 Etenim
2112 1488 2349 1543 nemo
2380 1462 2614 1545 nescit
2641 1462 2803 1545 dari
2851 1490 3086 1549 voces
3129 1464 3328 1551 bene
3353 1472 3558 1557 mul.-
3601 1440 3927 1613 mm
3949 1448 4068 1522 ι’·

882 1586 891 1593 ’
944 1596 1109 1685 na,
1160 1578 1441 1692 quibus
1475 1582 1837 1661 notiones
1866 1576 2007 1659 suae
2056 1582 2566 1680 conveniunt,
2625 1576 2754 1659 etfi
2793 1605 2946 1661 nos
2995 1606 3122 1665 eas
3171 1587 3250 1663 in
3297 1608 3558 1675 mente

946 1696 1199 1781 nostra
1230 1698 1548 1775 minime
1578 1691 2017 1796 habeamuS,
2046 1720 2229 1773 cum
2256 1692 2548 1777 constet
2578 1690 2742 1775 aliis
2769 1696 3080 1777 easdem
3112 1724 3272 1783 non
3289 1700 3551 1789 deeffe.

786 1904 792 1911 ,
944 1804 1351 1933 Qoniam
1380 1814 1633 1921 itaque
1680 1808 2050 1917 scripturae
2098 1806 2307 1887 [ἔκτα
2350 1828 2698 1891 ,autorem
2747 1804 3005 1891 Deum
3051 1812 3196 1895 effe
3227 1818 3554 1904 immota

942 1926 1101 2037 fide
1130 1946 1517 2028 tenemuS,
1571 1950 1712 2005 nec
1802 1926 2054 2004 minus
2140 1948 2283 2030 pro
2320 1942 2530 2005 certo
2563 1951 2653 2006 ac
2698 1922 3097 2033 explorato
3135 1927 3502 2019 habemus
3523 2000 3554 2043 ,

936 2068 1129 2127 eum
1158 2038 1383 2126 nobis
1414 2045 1495 2125 in
1526 2039 1795 2137 eadem
1881 2034 2231 2119 revelasse
2258 2100 2283 2141 ,
2354 2066 2520 2151 qua:
2551 2043 2864 2121 rationis
2915 2042 3052 2123 usu
3079 2043 3354 2155 affequi
3393 2078 3554 2133 non

928 2154 1373 2269 poss'umus3
1424 2154 1557 2237 ubi
1588 2154 1874 2239 constat
1908 2216 1935 2256 ,
1988 2150 2420 2235 sermonem
2457 2151 2599 2233 esse
2650 2154 2745 2235 de
2798 2152 3022 2237 rebus
3055 2220 3080 2259 ‚
3151 2186 3316 2271 quae
3365 2160 3550 2250 Deo

924 2270 1329 2389 perspestae
1360 2270 1501 2354 effe
1532 2268 1833 2382 poss'unt
1852 2331 1877 2372 ‚
1931 2266 2169 2351 veluti
2210 2296 2391 2355 cum
2418 2269 2518 2353 de
2543 2268 2782 2377 seipso
2813 2270 3114 2381 suisque
3165 2283 3546 2383 operatio-

923 2390 1157 2477 nibus
1170 2388 1569 2501 joquitur,
1624 2384 1853 2471 nobis
1882 2402 2145 2469 autem
2172 2386 2496 2465 minime
2527 2409 2790 2467 earum
2820 2391 3224 2469 notionem
3263 2390 3542 2505 affequi

926 2508 1143 2617 licet,
1178 2532 1361 2589 cum
1450 2498 1643 2587 nihil
1688 2504 1783 2581 iis
1826 2496 2065 2581 fimile
2108 2502 2189 2579 in
2222 2496 2446 2582 nobis
2481 2504 2987 2611 experiamur,
3019 2529 3164 2612 pro
3193 2512 3538 2591 terminis
3573 2528 3578 2533 '

917 2622 1275 2715 inauribus
1302 2616 1660 2703 habenda
1694 2640 1855 2699 non
1882 2614 2055 2697 sunt
2078 2640 2313 2697 voees
2332 2678 2357 2719 ,
2386 2614 2668 2727 quibus
2701 2615 3238 2729 respondentes
3271 2628 3534 2711 notio-

918 2754 1061 2831 riis
1090 2744 1175 2825 in
1200 2734 1425 2822 nobis
1462 2738 1791 2821 excitare
1834 2734 2158 2817 minime
2204 2727 2566 2815 valemus,

1224 2928 1357 2997 Res
1388 2917 1671 2995 vocibus
1706 2913 2080 2995 istiusmodi
2107 2914 2434 2989 denotatae
2461 2916 2758 3009 mysteria
2789 2914 2919 2991 dici
2945 2909 3194 3007 solent,
3239 2940 3530 3017 quarum

1006 3052 1137 3107 nge
1330 3026 1713 3099 intuitivam
1746 3020 2203 3111 cognitionem
2230 3021 2542 3091 notiones
2593 3021 2664 3089 in
2689 3015 2887 3088 nobis
2935 3014 3262 3091 habemur
3289 3076 3310 3109 ,
3359 3046 3520 3099 cum

1016 3132 1165 3207 nihi
1220 3130 1300 3199 iis
1332 3122 1544 3199 {imile
1576 3124 1646 3194 in
1680 3118 1913 3207 nohis,
1966 3117 2072 3189 vel
2100 3124 2173 3195 in
2208 3118 2466 3192 mundo
2497 3116 2820 3189 materiali
2871 3123 3342 3218 experiamur,
3391 3152 3518 3199 nec

1010 3225 1589 3305 demonstrationis
1668 3216 1993 3295 beneficio
2036 3226 2382 3318 acquirere
2431 3217 2766 3305 valemue,
2795 3214 2972 3291 ‘cum
3010 3224 3080 3293 in
3111 3220 3266 3295 alias
3293 3229 3513 3301 notio·

1008 3360 1163 3419 nea,
1216 3354 1380 3428 quas
1428 3348 1664 3399 natura
1710 3318 2067 3407 habemus,
2133 3318 2371 3395 resolvi
2418 3340 2768 3417 nequeant.
2879 3323 3171 3395 Pertinet
3207 3322 3344 3397 huc
3381 3352 3512 3399 vox

1014 3440 1410 3515 Trinitatis,
1488 3450 1637 3523 qnae
1664 3481 1682 3512 ,
1726 3420 1842 3495 etsi
1874 3426 1947 3495 in
1978 3415 2299 3521 scriptura
2333 3416 2508 3491 sacra
2549 3444 2692 3491 non
2719 3418 3014 3513 legatur,
3065 3418 3510 3513 fignificatum

942 3547 947 3553 '
1000 3550 1228 3615 tasne'n
1271 3532 1565 3605 obtinuit
1634 3523 1973 3622 scripture
2016 3518 2211 3597 sacra.-
2251 3518 2711 3609 conformem,
2763 3542 2838 3591 ut
2869 3521 2992 3593 alia
3023 3516 3150 3592 fint
3195 3524 3505 3619 ejusdem

998 3638 1243 3727 rerba,
1290 3630 1533 3731 quibua
1565 3626 1795 3703 eadem
1826 3626 2019 3699 notio
2038 3620 2407 3723 respondet
2437 3678 2454 3711 ‚
2499 3646 2702 3721 quam
2735 3619 2816 3691 ad
2855 3644 3100 3695 vocem
3141 3627 3504 3700 Trinitatis

990 3738 1377 3817 referimus.
1478 3734 1801 3804 Ceterum
1828 3724 2121 3800 eundem
2170 3720 2391 3799 casum
2443 3746 2797 3799 occurrere
2841 3726 2914 3793 in
2961 3722 3274 3799 humanis
3303 3720 3501 3801 facile

994 3864 1190 3947 patet.
1295 3842 1479 3908 Pone
1506 3836 1831 3905 nimirum
1866 3883 1891 3917 ,
1945 3848 2335 3901 venatorem
2364 3825 2560 3920 ioqui
2593 3825 2673 3897 de
2709 3820 2908 3910 feris,
2953 3848 3115 3920 quas
3147 3852 3498 3924 nunquam

990 3941 1209 4020 vidisti
1240 3994 1265 4027 ,
1330 3934 1439 4007 vel
1524 3932 1843 4007 artificem
1906 3930 1988 4003 de
2067 3926 2526 4002 instrumentis
2556 3984 2573 4016 ‚
2621 3950 2769 4023 quae
2801 3924 3014 3999 oculis
3045 3930 3178 3999 tuis
3209 3928 3494 4027 exposita
3607 3936 3614 3941 '

982 4064 1339 4145 nunquam
1374 4032 1586 4111 fuere.
1686 4030 1819 4105 Etfi
1850 4034 2155 4120 noveris,
2200 4054 2369 4105 voce
2425 4030 2761 4101 venatoria
2847 4024 3141 4125 aliquam
3185 4028 3494 4106 denotari

976 4148 1195 4229 feram
1218 4204 1235 4234 ,
1283 4142 1581 4213 termino
1612 4132 1881 4209 artificia
1904 4131 2424 4209 instrumentum
2456 4126 2750 4227 aliquod,
2801 4152 2940 4225 quo
2971 4131 3054 4203 ad
3081 4152 3288 4205 artem
3303 4126 3488 4207 suam

980 4242 1415 4331 exercendam
1454 4236 1657 4313 habet
1694 4256 1909 4333 opus;
1966 4232 2225 4307 nullam
2256 4254 2484 4311 tamen
2515 4226 2678 4305 ferae
2709 4226 2894 4303 istius
2933 4288 2952 4319 ,
3023 4228 3279 4304 nullam
3320 4259 3486 4330 quo·

978 4380 1109 4457 que
1146 4342 1572 4425 instrumenti
1602 4339 1951 4411 notionem
2001 4335 2226 4409 habea.
2374 4336 2718 4433 Qoniam
2749 4356 2916 4405 vero
2967 4328 3196 4405 nullus
3225 4332 3486 4408 dubitas

978 4470 1367 4529 venatorem
1424 4443 1617 4539 loqui
1650 4436 1732 4509 de
1772 4460 1845 4508 re
1892 4435 2009 4510 fibi
2070 4430 2447 4536 perspesta,
2497 4433 2814 4531 idemque
2852 4430 2937 4505 de
2962 4431 3212 4506 artifice
3258 4458 3481 4525 tenea;

978 4548 1383 4633 deridendus
1456 4541 1580 4615 tibi
1612 4539 1950 4612 videretur
1980 4598 1999 4630 ,
2052 4541 2173 4637 qui
2248 4537 2530 4611 illorum
2575 4558 2774 4609 voces
2855 4530 2990 4606 fine
3022 4556 3246 4609 mente
3277 4532 3479 4611 sonos

976 4656 1317 4761 appellare
1348 4672 1487 4719 non
1516 4638 1951 4718 erubesceret.
2098 4636 2474 4740 Propofitio
2555 4660 2778 4711 autem
2822 4632 3046 4709 nostra
3077 4660 3216 4709 non
3267 4638 3476 4713 modo

966 4762 1055 4835 de
1082 4754 1311 4835 verbis
1346 4746 1659 4845 mysteria
1706 4739 2255 4838 fignifimntibus,
2302 4765 2540 4815 verum
2585 4744 2786 4813 etiarn
2838 4735 2921 4810 de
2965 4736 3107 4809 aliis
3153 4739 3474 4837 capienda

962 4860 1079 4953 gn,
1110 4882 1259 4961 quae
1308 4850 1398 4923 ob
1422 4842 2061 4923 circumstantiarum
2080 4839 2548 4917 historicarum
2565 4840 3036 4937 ignorantiam,
3053 4838 3157 4911 vel
3172 4840 3298 4913 alia
3317 4864 3476 4937 qua-

800 4956 807 4963 '
960 4984 1228 5059 cunque
1257 4954 1339 5027 de
1374 4944 1561 5025 eausa
1589 4946 1784 5021 nobis
1819 4944 2094 5023 obscura
2120 4938 2307 5031 sunt,
2354 4967 2431 5017 ut
2457 4950 2767 5020 notiones
2795 4941 2876 5012 iis
2913 4930 3284 5039 jungendas
3331 4938 3476 5017 fru-
3575 4978 3590 4997 ·

860 5064 1117 5165 (Wolfir’
1146 5057 1401 5162 Logica)
2202 5049 2359 5119 Ttt
2376 5068 2405 5117 t
3317 5042 3472 5119 (ξι-ι.
