4834 5634
974 714 1442 791 PRAEF'ATIO.

555 900 687 1021 finus
723 908 817 1013 nifi¹
841 918 975 1047 quod
1000 898 1106 1019 'satis
1138 910 1278 1017 fuerit
1314 914 1600 1043 explicatum
1629 942 1684 1015 ac
1705 902 1872 1011 suffici·

559 1078 990 1207 enterprobatum
1025 1154 1044 1205 ‚
1083 1076 1167 1187 ,de
1204 1108 1407 1199 vocesa
1441 1072 1732 1179 notionibus
1757 1105 1877 1173 con·

558 1226 673 1339 funs
708 1244 768 1341 ad
800 1238 1044 1345 distindias
1072 1274 1128 1343 ac
1155 1234 1429 1385 significatus
1453 1226 1584 1377 vago
1626 1240 1687 1339 ad
1726 1230 1878 1339 fixum

562 1402 864 1530 reducerem,
899 1402 954 1503 dc
980 1390 1343 1535 propositiones
1377 1380 1742 1515 determinatas,
1763 1430 1882 1531 quas

408 1602 411 1609 ·
565 1562 798 1683 iradierius
828 1566 979 1669 nulias
1014 1594 1259 1673 noverunt
1293 1560 1718 1698 philosophantes,
1758 1594 1907 1663 con..

381 1752 384 1757 ’
512 1848 515 1853 ¹
566 1724 745 1843 derem,
843 1724 952 1833 Hac
981 1732 1168 1831 ratione
1202 1732 1324 1833 mihi
1349 1708 1460 1831 ndn¹
1483 1716 1637 1831 stilum
1663 1754 1834 1829 verum
1859 1752 1887 1821 a

568 1880 718 2002 falso,
753 1890 830 1989 cni
857 1890 1008 2027 vulgo
1038 1893 1334 2021 permixtum
1352 1890 1440 1997 est,
1476 1885 1707 1993 secernere
1731 1920 1786 1989 ae
1807 1914 1889 1985 ve·
2045 1920 2048 1927 ·

572 2052 729 2195 ritates
753 2053 873 2151 inter
893 2048 936 2151 se
960 2083 1203 2157 connexas
1236 2058 1286 2154 in
1318 2049 1518 2185 systema
1547 2054 1888 2153 harmonicum

574 2218 782 2353 redigere
800 2215 958 2335 iicuit;
993 2221 1331 2322 verumetiam
1361 2215 1721 2339 inventoribus,
1754 2212 1891 2341 quod

578 2403 829 2509 optaverat
863 2380 1191 2513 campanella,
1217 2386 1416 2482 tandem
1444 2385 1494 2482 in
1524 2374 1707 2481 scholas
1741 2378 1895 2505 aditus

580 2558 772 2675 apertus
790 2534 878 2653 est,
903 2546 1124 2671 quamvis
1157 2547 1207 2647 in
1223 2545 1392 2647 iisdem
1417 2520 1900 2681 nugaciterphilososs

582 2708 784 2838 phantes
800 2700 1029 2807 nondum
1046 2710 1337 2837 mutaverint
1346 2734 1524 2833 mores,
1533 2738 1660 2839 quos
1675 2698 1762 2809 suo
1784 2732 1900 2807 aevo

585 2870 885 2999 reprehendit
915 2864 1230 2999 philosophus
1261 2866 1499 3005 perspicax
1515 2900 1659 3001 atque
1676 2864 1902 2971 sublimis.

588 3010 666 3151 (*)
690 3010 863 3123 Nemo
885 3014 1007 3115 hica
1027 3044 1107 3119 me
1126 3017 1344 3145 expectet
1368 3090 1384 3133 ,
1408 3012 1748 3153 iniuratorum
1778 3042 1902 3141 quo·

1794 3206 1905 3283 iun·

703 3461 765 3576 (¹)
793 3459 848 3545 lta
861 3464 1043 3543 nimirum
1070 3466 1110 3543 in
1136 3461 1254 3547 iiteris
1280 3462 1334 3539 ad
1356 3424 1593 3571 Gaffmedm,
1621 3491 1702 3575 qua
1732 3460 1909 3571 leguntur

592 3586 598 3593 ’
772 3596 946 3711 Operum
962 3598 1126 3705 Gafflndi
1142 3594 1270 3681 Tonr.
1287 3590 1360 3677 Vl.
1375 3590 1402 3677 f.
1418 3620 1513 3703 407.
1543 3596 1779 3699 Doleoseculi
1802 3607 1912 3706 vices,

766 3732 860 3855 qaod
881 3752 960 3815 cum
972 3732 1218 3845 falicafflmum
1226 3734 1281 3844 fit
1296 3739 1497 3817 inventiam
1508 3764 1844 3842 naamam,
1874 3744 1914 3819 r'n

757 3872 896 3973 scholas
928 3895 1048 3952 tamea
1071 3880 1271 3955 intentares
1285 3874 1439 3953 introire
1461 3898 1533 3955 noa
1548 3874 1666 3983 finit:
1703 3892 1918 3977 occuparunt

771 4010 1027 4097 mamiliam
1053 4008 1234 4091 cathedras
1254 4010 1363 4109 olim,
1387 4016 1451 4117 qai
1478 4018 1661 4119 nugaciter
1678 4008 1918 4126 philosophari

758 4149 874 4259 fiaat',
886 4176 954 4233 aaa
983 4147 1068 4229 duce
1087 4170 1240 4247 naama,
1245 4148 1321 4254 sed
1334 4152 1479 4263 proprio
1501 4145 1679 4263 arbitrant
1697 4152 1818 4229 cundia
1845 4174 1917 4227 rae·

770 4289 920 4393 arenas,
961 4290 1141 4399 tantique
1158 4281 1358 4393 prestigiis
1382 4290 1517 4399 artinas
1532 4282 1708 4375 amam
1735 4306 1919 4402 occupave-

1833 4423 1919 4483 rana
