<?xml version="1.0" encoding="UTF-8"?>
<!DOCTYPE html PUBLIC "-//W3C//DTD XHTML 1.0 Transitional//EN"
    "http://www.w3.org/TR/xhtml1/DTD/xhtml1-transitional.dtd">
<html xmlns="http://www.w3.org/1999/xhtml" xml:lang="en" lang="en">
 <head>
  <title>
</title>
<meta http-equiv="Content-Type" content="text/html;charset=utf-8" />
  <meta name='ocr-system' content='tesseract 3.04.00' />
  <meta name='ocr-capabilities' content='ocr_page ocr_carea ocr_par ocr_line ocrx_word'/>
</head>
<body>
  <div class='ocr_page' id='page_1' title='image "./philosophiarati00wolfgoog_0030.png"; bbox 0 0 4834 5634; ppageno 0'>
   <div class='ocr_carea' id='block_1_1' title="bbox 710 504 1875 683">
    <p class='ocr_par' dir='ltr' id='par_1_1' title="bbox 710 504 1875 683">
     <span class='ocr_line' id='line_1_1' title="bbox 710 504 1875 683; baseline 0.009 -72"><span class='ocrx_word' id='word_1_1' title='bbox 710 504 753 611; x_wconf 83' lang='lat'><strong>6</strong></span> <span class='ocrx_word' id='word_1_2' title='bbox 851 512 1009 646; x_wconf 69' lang='lat' dir='ltr'><strong>Cani</strong></span> <span class='ocrx_word' id='word_1_3' title='bbox 1044 512 1127 629; x_wconf 87' lang='lat' dir='ltr'><strong>De</strong></span> <span class='ocrx_word' id='word_1_4' title='bbox 1142 514 1339 652; x_wconf 79' lang='lat' dir='ltr'><strong>triplici</strong></span> <span class='ocrx_word' id='word_1_5' title='bbox 1345 514 1631 683; x_wconf 18' lang='lat' dir='ltr'><strong>‘cognitione</strong></span> <span class='ocrx_word' id='word_1_6' title='bbox 1647 506 1875 644; x_wconf 77' lang='lat' dir='ltr'><strong>humana,</strong></span> 
     </span>
    </p>
   </div>
   <div class='ocr_carea' id='block_1_2' title="bbox 474 749 2033 1564">
    <p class='ocr_par' dir='ltr' id='par_1_2' title="bbox 474 749 2033 1564">
     <span class='ocr_line' id='line_1_2' title="bbox 1317 749 1457 847; baseline 0.021 -27"><span class='ocrx_word' id='word_1_7' title='bbox 1317 749 1344 838; x_wconf 89' lang='lat'><strong>§.</strong></span> <span class='ocrx_word' id='word_1_8' title='bbox 1380 764 1457 847; x_wconf 84' lang='lat'>13·-</span> 
     </span>
     <span class='ocr_line' id='line_1_3' title="bbox 474 876 2029 990; baseline 0.004 -38"><span class='ocrx_word' id='word_1_9' title='bbox 474 896 675 977; x_wconf 62' lang='lat' dir='ltr'><strong>pundamm.</strong></span> <span class='ocrx_word' id='word_1_10' title='bbox 870 876 1057 990; x_wconf 73' lang='lat' dir='ltr'><strong>Qirqaid</strong></span> <span class='ocrx_word' id='word_1_11' title='bbox 1065 877 1217 985; x_wconf 80' lang='lat' dir='ltr'><strong>finitum</strong></span> <span class='ocrx_word' id='word_1_12' title='bbox 1230 876 1281 985; x_wconf 80' lang='lat' dir='ltr'><strong>est</strong></span> <span class='ocrx_word' id='word_1_13' title='bbox 1290 939 1302 980; x_wconf 91' lang='lat'><strong>,</strong></span> <span class='ocrx_word' id='word_1_14' title='bbox 1335 879 1408 987; x_wconf 87' lang='lat' dir='ltr'><strong>sua</strong></span> <span class='ocrx_word' id='word_1_15' title='bbox 1423 881 1655 961; x_wconf 79' lang='lat' dir='ltr'><strong>detemninata</strong></span> <span class='ocrx_word' id='word_1_16' title='bbox 1671 880 1805 989; x_wconf 76' lang='lat' dir='ltr'><strong>gaudet</strong></span> <span class='ocrx_word' id='word_1_17' title='bbox 1819 882 2029 987; x_wconf 76' lang='lat' dir='ltr'><strong>quantitate.</strong></span> 
     </span>
     <span class='ocr_line' id='line_1_4' title="bbox 476 980 2028 1101; baseline 0.001 -29"><span class='ocrx_word' id='word_1_18' title='bbox 476 1006 703 1096; x_wconf 67' lang='lat' dir='ltr'><strong>rrrmcogmtie</strong></span> <span class='ocrx_word' id='word_1_19' title='bbox 720 980 826 1073; x_wconf 85' lang='lat' dir='ltr'><strong>Patet</strong></span> <span class='ocrx_word' id='word_1_20' title='bbox 840 1018 908 1101; x_wconf 89' lang='lat' dir='ltr'><strong>pet</strong></span> <span class='ocrx_word' id='word_1_21' title='bbox 923 988 1097 1101; x_wconf 86' lang='lat' dir='ltr'><strong>exempla</strong></span> <span class='ocrx_word' id='word_1_22' title='bbox 1114 989 1231 1073; x_wconf 84' lang='lat' dir='ltr'><strong>allerti</strong></span> <span class='ocrx_word' id='word_1_23' title='bbox 1249 994 1406 1098; x_wconf 86' lang='lat' dir='ltr'><strong>veritas,</strong></span> <span class='ocrx_word' id='word_1_24' title='bbox 1422 990 1545 1075; x_wconf 90' lang='lat' dir='ltr'><strong>modo</strong></span> <span class='ocrx_word' id='word_1_25' title='bbox 1561 990 1809 1075; x_wconf 85' lang='lat' dir='ltr'><strong>sufficientem</strong></span> <span class='ocrx_word' id='word_1_26' title='bbox 1826 980 2028 1075; x_wconf 84' lang='lat' dir='ltr'><strong>afferamus</strong></span> 
     </span>
     <span class='ocr_line' id='line_1_5' title="bbox 477 1100 2032 1229; baseline 0.001 -44"><span class='ocrx_word' id='word_1_27' title='bbox 477 1110 530 1175; x_wconf 79' lang='lat' dir='ltr'><strong>nis</strong></span> <span class='ocrx_word' id='word_1_28' title='bbox 555 1100 677 1223; x_wconf 79' lang='lat' dir='ltr'><strong>mathr·</strong></span> <span class='ocrx_word' id='word_1_29' title='bbox 720 1110 980 1189; x_wconf 78' lang='lat' dir='ltr'><strong>attentionem.</strong></span> <span class='ocrx_word' id='word_1_30' title='bbox 1035 1104 1084 1188; x_wconf 93' lang='lat' dir='ltr'>N</span> <span class='ocrx_word' id='word_1_31' title='bbox 1085 1134 1128 1189; x_wconf 87' lang='lat' dir='ltr'><strong>ec</strong></span> <span class='ocrx_word' id='word_1_32' title='bbox 1143 1104 1300 1189; x_wconf 85' lang='lat' dir='ltr'><strong>obscura</strong></span> <span class='ocrx_word' id='word_1_33' title='bbox 1319 1111 1434 1191; x_wconf 89' lang='lat' dir='ltr'><strong>etiam</strong></span> <span class='ocrx_word' id='word_1_34' title='bbox 1449 1109 1546 1189; x_wconf 85' lang='lat' dir='ltr'><strong>ratio</strong></span> <span class='ocrx_word' id='word_1_35' title='bbox 1564 1106 1627 1188; x_wconf 87' lang='lat' dir='ltr'><strong>est.</strong></span> <span class='ocrx_word' id='word_1_36' title='bbox 1672 1103 1871 1229; x_wconf 79' lang='lat' dir='ltr'><strong>Qtteuus</strong></span> <span class='ocrx_word' id='word_1_37' title='bbox 1887 1104 2032 1219; x_wconf 91' lang='lat' dir='ltr'><strong>aliquid</strong></span> 
     </span>
     <span class='ocr_line' id='line_1_6' title="bbox 478 1218 2033 1335; baseline 0.003 -33"><span class='ocrx_word' id='word_1_38' title='bbox 478 1221 610 1279; x_wconf 56' lang='grc' dir='ltr'><strong>ΜΝ·</strong></span> <span class='ocrx_word' id='word_1_39' title='bbox 718 1219 870 1305; x_wconf 90' lang='lat' dir='ltr'><strong>finitum</strong></span> <span class='ocrx_word' id='word_1_40' title='bbox 894 1222 967 1326; x_wconf 85' lang='lat' dir='ltr'><strong>est,</strong></span> <span class='ocrx_word' id='word_1_41' title='bbox 1012 1242 1165 1305; x_wconf 86' lang='lat' dir='ltr'><strong>eatenus</strong></span> <span class='ocrx_word' id='word_1_42' title='bbox 1189 1225 1320 1330; x_wconf 80' lang='lat' dir='ltr'>augeri</span> <span class='ocrx_word' id='word_1_43' title='bbox 1341 1221 1465 1332; x_wconf 88' lang='lat' dir='ltr'><strong>potest</strong></span> <span class='ocrx_word' id='word_1_44' title='bbox 1494 1239 1607 1332; x_wconf 86' lang='lat' dir='ltr'><strong>atque</strong></span> <span class='ocrx_word' id='word_1_45' title='bbox 1631 1226 1765 1305; x_wconf 88' lang='lat' dir='ltr'><strong>minui.</strong></span> <span class='ocrx_word' id='word_1_46' title='bbox 1831 1218 2033 1335; x_wconf 79' lang='lat' dir='ltr'><strong>Quatenus</strong></span> 
     </span>
     <span class='ocr_line' id='line_1_7' title="bbox 717 1335 2032 1449; baseline -0.001 -30"><span class='ocrx_word' id='word_1_47' title='bbox 717 1365 812 1420; x_wconf 92' lang='lat' dir='ltr'><strong>vero</strong></span> <span class='ocrx_word' id='word_1_48' title='bbox 827 1335 876 1419; x_wconf 87' lang='lat' dir='ltr'><strong>ali</strong></span> <span class='ocrx_word' id='word_1_49' title='bbox 903 1337 970 1420; x_wconf 90' lang='lat' dir='ltr'><strong>uid</strong></span> <span class='ocrx_word' id='word_1_50' title='bbox 986 1340 1127 1444; x_wconf 86' lang='lat' dir='ltr'><strong>augeri,</strong></span> <span class='ocrx_word' id='word_1_51' title='bbox 1142 1337 1204 1419; x_wconf 89' lang='lat' dir='ltr'><strong>vel</strong></span> <span class='ocrx_word' id='word_1_52' title='bbox 1220 1340 1342 1419; x_wconf 91' lang='lat' dir='ltr'><strong>minui</strong></span> <span class='ocrx_word' id='word_1_53' title='bbox 1358 1337 1503 1449; x_wconf 87' lang='lat' dir='ltr'><strong>potest,</strong></span> <span class='ocrx_word' id='word_1_54' title='bbox 1532 1355 1686 1421; x_wconf 85' lang='lat' dir='ltr'><strong>eatenus</strong></span> <span class='ocrx_word' id='word_1_55' title='bbox 1703 1342 1887 1449; x_wconf 81' lang='lat' dir='ltr'><strong>quantitas</strong></span> <span class='ocrx_word' id='word_1_56' title='bbox 1903 1336 2032 1427; x_wconf 86' lang='lat' dir='ltr'><strong>eidem</strong></span> 
     </span>
     <span class='ocr_line' id='line_1_8' title="bbox 714 1364 2028 1564; baseline 0.004 -30"><span class='ocrx_word' id='word_1_57' title='bbox 714 1450 830 1536; x_wconf 91' lang='lat' dir='ltr'><strong>tribui</strong></span> <span class='ocrx_word' id='word_1_58' title='bbox 844 1364 950 1535; x_wconf 84' lang='lat' dir='ltr'><strong>solet.</strong></span> <span class='ocrx_word' id='word_1_59' title='bbox 986 1451 1254 1564; x_wconf 74' lang='lat' dir='ltr'>Quamobrem</span> <span class='ocrx_word' id='word_1_60' title='bbox 1270 1454 1515 1536; x_wconf 83' lang='lat' dir='ltr'><strong>determinata</strong></span> <span class='ocrx_word' id='word_1_61' title='bbox 1532 1458 1716 1562; x_wconf 77' lang='lat' dir='ltr'><strong>quantitas</strong></span> <span class='ocrx_word' id='word_1_62' title='bbox 1734 1456 1845 1535; x_wconf 91' lang='lat' dir='ltr'><strong>omni</strong></span> <span class='ocrx_word' id='word_1_63' title='bbox 1861 1451 2028 1539; x_wconf 89' lang='lat' dir='ltr'><strong>tribuen-</strong></span> 
     </span>
    </p>
   </div>
   <div class='ocr_carea' id='block_1_3' title="bbox 651 1566 2087 3815">
    <p class='ocr_par' dir='ltr' id='par_1_3' title="bbox 716 1566 1730 1679">
     <span class='ocr_line' id='line_1_9' title="bbox 716 1566 1730 1679; baseline -0.005 -26"><span class='ocrx_word' id='word_1_64' title='bbox 716 1568 831 1653; x_wconf 86' lang='lat' dir='ltr'><strong>daest</strong></span> <span class='ocrx_word' id='word_1_65' title='bbox 847 1568 971 1671; x_wconf 88' lang='lat' dir='ltr'><strong>finito,</strong></span> <span class='ocrx_word' id='word_1_66' title='bbox 987 1590 1168 1679; x_wconf 87' lang='lat' dir='ltr'><strong>quatenus</strong></span> <span class='ocrx_word' id='word_1_67' title='bbox 1185 1567 1258 1650; x_wconf 85' lang='lat' dir='ltr'><strong>tale</strong></span> <span class='ocrx_word' id='word_1_68' title='bbox 1275 1566 1338 1650; x_wconf 86' lang='lat' dir='ltr'><strong>est.</strong></span> <span class='ocrx_word' id='word_1_69' title='bbox 1718 1654 1730 1665; x_wconf 46' lang='grc'><strong>,,</strong></span> 
     </span>
    </p>

    <p class='ocr_par' dir='ltr' id='par_1_4' title="bbox 761 1678 2029 3000">
     <span class='ocr_line' id='line_1_10' title="bbox 825 1678 2027 1782; baseline -0.002 -23"><span class='ocrx_word' id='word_1_70' title='bbox 825 1689 862 1759; x_wconf 73' lang='lat' dir='ltr'>E</span> <span class='ocrx_word' id='word_1_71' title='bbox 872 1708 922 1777; x_wconf 88' lang='lat' dir='ltr'><strong>gr.</strong></span> <span class='ocrx_word' id='word_1_72' title='bbox 937 1685 1039 1756; x_wconf 86' lang='lat' dir='ltr'><strong>Calor</strong></span> <span class='ocrx_word' id='word_1_73' title='bbox 1051 1682 1256 1757; x_wconf 79' lang='lat' dir='ltr'><strong>meridianus</strong></span> <span class='ocrx_word' id='word_1_74' title='bbox 1271 1680 1358 1755; x_wconf 80' lang='lat' dir='ltr'><strong>Solia</strong></span> <span class='ocrx_word' id='word_1_75' title='bbox 1373 1704 1443 1755; x_wconf 88' lang='lat' dir='ltr'><strong>non</strong></span> <span class='ocrx_word' id='word_1_76' title='bbox 1462 1683 1558 1759; x_wconf 86' lang='lat' dir='ltr'><strong>omni</strong></span> <span class='ocrx_word' id='word_1_77' title='bbox 1571 1683 1651 1755; x_wconf 88' lang='lat' dir='ltr'><strong>anui</strong></span> <span class='ocrx_word' id='word_1_78' title='bbox 1664 1700 1819 1782; x_wconf 89' lang='lat' dir='ltr'><strong>tempore</strong></span> <span class='ocrx_word' id='word_1_79' title='bbox 1835 1678 1959 1757; x_wconf 85' lang='lat' dir='ltr'><strong>eodem</strong></span> <span class='ocrx_word' id='word_1_80' title='bbox 1990 1684 2027 1756; x_wconf 91' lang='lat' dir='ltr'><strong>in</strong></span> 
     </span>
     <span class='ocr_line' id='line_1_11' title="bbox 763 1774 2027 1885; baseline -0.002 -27"><span class='ocrx_word' id='word_1_81' title='bbox 763 1785 844 1859; x_wconf 94' lang='lat' dir='ltr'><strong>loco</strong></span> <span class='ocrx_word' id='word_1_82' title='bbox 861 1784 970 1868; x_wconf 90' lang='lat' dir='ltr'><strong>idem,</strong></span> <span class='ocrx_word' id='word_1_83' title='bbox 995 1807 1059 1856; x_wconf 88' lang='lat' dir='ltr'><strong>nee</strong></span> <span class='ocrx_word' id='word_1_84' title='bbox 1073 1783 1164 1858; x_wconf 92' lang='lat' dir='ltr'><strong>idem</strong></span> <span class='ocrx_word' id='word_1_85' title='bbox 1184 1788 1221 1857; x_wconf 92' lang='lat' dir='ltr'><strong>in</strong></span> <span class='ocrx_word' id='word_1_86' title='bbox 1242 1780 1327 1856; x_wconf 82' lang='lat' dir='ltr'><strong>locis</strong></span> <span class='ocrx_word' id='word_1_87' title='bbox 1352 1774 1488 1858; x_wconf 81' lang='lat' dir='ltr'><strong>diversae</strong></span> <span class='ocrx_word' id='word_1_88' title='bbox 1511 1782 1697 1856; x_wconf 77' lang='lat' dir='ltr'><strong>latitudinis</strong></span> <span class='ocrx_word' id='word_1_89' title='bbox 1722 1780 1843 1854; x_wconf 91' lang='lat' dir='ltr'><strong>eodem</strong></span> <span class='ocrx_word' id='word_1_90' title='bbox 1864 1804 2027 1885; x_wconf 88' lang='lat' dir='ltr'><strong>tempore.</strong></span> 
     </span>
     <span class='ocr_line' id='line_1_12' title="bbox 763 1878 2029 1983; baseline -0.004 -21"><span class='ocrx_word' id='word_1_91' title='bbox 763 1895 798 1962; x_wconf 75' lang='lat' dir='ltr'><strong>A</strong></span> <span class='ocrx_word' id='word_1_92' title='bbox 810 1887 932 1961; x_wconf 89' lang='lat' dir='ltr'><strong>bruma</strong></span> <span class='ocrx_word' id='word_1_93' title='bbox 944 1908 1054 1981; x_wconf 86' lang='lat' dir='ltr'><strong>usque</strong></span> <span class='ocrx_word' id='word_1_94' title='bbox 1067 1885 1109 1956; x_wconf 88' lang='lat' dir='ltr'><strong>ad</strong></span> <span class='ocrx_word' id='word_1_95' title='bbox 1122 1880 1299 1959; x_wconf 84' lang='lat' dir='ltr'><strong>solstitium</strong></span> <span class='ocrx_word' id='word_1_96' title='bbox 1312 1881 1461 1957; x_wconf 70' lang='lat' dir='ltr'><strong>astitum</strong></span> <span class='ocrx_word' id='word_1_97' title='bbox 1476 1880 1594 1959; x_wconf 79' lang='lat' dir='ltr'><strong>senfim</strong></span> <span class='ocrx_word' id='word_1_98' title='bbox 1609 1878 1793 1983; x_wconf 84' lang='lat' dir='ltr'><strong>senfimque</strong></span> <span class='ocrx_word' id='word_1_99' title='bbox 1811 1907 1970 1977; x_wconf 82' lang='lat' dir='ltr'><strong>augetur3</strong></span> <span class='ocrx_word' id='word_1_100' title='bbox 1985 1882 2029 1957; x_wconf 83' lang='lat' dir='ltr'><strong>ala</strong></span> 
     </span>
     <span class='ocr_line' id='line_1_13' title="bbox 762 1983 2028 2087; baseline -0.001 -25"><span class='ocrx_word' id='word_1_101' title='bbox 762 1984 875 2062; x_wconf 79' lang='lat' dir='ltr'><strong>aestivo</strong></span> <span class='ocrx_word' id='word_1_102' title='bbox 897 2009 1005 2087; x_wconf 78' lang='lat' dir='ltr'><strong>usque</strong></span> <span class='ocrx_word' id='word_1_103' title='bbox 1027 1983 1069 2057; x_wconf 89' lang='lat' dir='ltr'><strong>ad</strong></span> <span class='ocrx_word' id='word_1_104' title='bbox 1089 1986 1241 2059; x_wconf 81' lang='lat' dir='ltr'><strong>brumale</strong></span> <span class='ocrx_word' id='word_1_105' title='bbox 1261 1985 1377 2060; x_wconf 89' lang='lat' dir='ltr'><strong>eadem</strong></span> <span class='ocrx_word' id='word_1_106' title='bbox 1399 1988 1527 2059; x_wconf 91' lang='lat' dir='ltr'><strong>ratione</strong></span> <span class='ocrx_word' id='word_1_107' title='bbox 1548 1988 1722 2060; x_wconf 89' lang='lat' dir='ltr'><strong>minuitur.</strong></span> <span class='ocrx_word' id='word_1_108' title='bbox 1772 1990 1905 2087; x_wconf 81' lang='lat' dir='ltr'><strong>Qrovir</strong></span> <span class='ocrx_word' id='word_1_109' title='bbox 1921 1991 2028 2081; x_wconf 84' lang='lat' dir='ltr'><strong>igitur</strong></span> 
     </span>
     <span class='ocr_line' id='line_1_14' title="bbox 762 2084 2029 2187; baseline -0.001 -24"><span class='ocrx_word' id='word_1_110' title='bbox 762 2092 845 2163; x_wconf 88' lang='lat' dir='ltr'><strong>anui</strong></span> <span class='ocrx_word' id='word_1_111' title='bbox 852 2090 906 2161; x_wconf 91' lang='lat' dir='ltr'><strong>die</strong></span> <span class='ocrx_word' id='word_1_112' title='bbox 917 2087 1022 2160; x_wconf 80' lang='lat' dir='ltr'><strong>calori</strong></span> <span class='ocrx_word' id='word_1_113' title='bbox 1029 2087 1216 2159; x_wconf 85' lang='lat' dir='ltr'><strong>meridiano</strong></span> <span class='ocrx_word' id='word_1_114' title='bbox 1223 2087 1310 2159; x_wconf 81' lang='lat' dir='ltr'><strong>Solia</strong></span> <span class='ocrx_word' id='word_1_115' title='bbox 1328 2086 1568 2159; x_wconf 80' lang='lat' dir='ltr'><strong>determinatus</strong></span> <span class='ocrx_word' id='word_1_116' title='bbox 1578 2087 1742 2181; x_wconf 87' lang='lat' dir='ltr'><strong>competit</strong></span> <span class='ocrx_word' id='word_1_117' title='bbox 1755 2084 1892 2177; x_wconf 79' lang='lat' dir='ltr'><strong>gradus,</strong></span> <span class='ocrx_word' id='word_1_118' title='bbox 1900 2092 1962 2187; x_wconf 92' lang='lat' dir='ltr'><strong>qui</strong></span> <span class='ocrx_word' id='word_1_119' title='bbox 1977 2112 2029 2162; x_wconf 85' lang='lat' dir='ltr'><strong>ca·</strong></span> 
     </span>
     <span class='ocr_line' id='line_1_15' title="bbox 761 2180 2028 2284; baseline 0 -23"><span class='ocrx_word' id='word_1_120' title='bbox 761 2188 874 2266; x_wconf 88' lang='lat' dir='ltr'><strong>lorern</strong></span> <span class='ocrx_word' id='word_1_121' title='bbox 892 2187 1027 2261; x_wconf 80' lang='lat' dir='ltr'><strong>alterius</strong></span> <span class='ocrx_word' id='word_1_122' title='bbox 1041 2185 1108 2260; x_wconf 88' lang='lat' dir='ltr'><strong>diei</strong></span> <span class='ocrx_word' id='word_1_123' title='bbox 1122 2190 1305 2283; x_wconf 89' lang='lat' dir='ltr'><strong>quantitate</strong></span> <span class='ocrx_word' id='word_1_124' title='bbox 1320 2191 1357 2259; x_wconf 92' lang='lat' dir='ltr'><strong>in</strong></span> <span class='ocrx_word' id='word_1_125' title='bbox 1372 2180 1404 2258; x_wconf 89' lang='lat' dir='ltr'><strong>se</strong></span> <span class='ocrx_word' id='word_1_126' title='bbox 1422 2185 1604 2280; x_wconf 84' lang='lat' dir='ltr'><strong>allignabili</strong></span> <span class='ocrx_word' id='word_1_127' title='bbox 1618 2183 1673 2274; x_wconf 81' lang='lat' dir='ltr'><strong>(fit</strong></span> <span class='ocrx_word' id='word_1_128' title='bbox 1685 2188 1740 2273; x_wconf 78' lang='lat' dir='ltr'><strong>ita,</strong></span> <span class='ocrx_word' id='word_1_129' title='bbox 1757 2186 1851 2283; x_wconf 92' lang='lat' dir='ltr'><strong>quod</strong></span> <span class='ocrx_word' id='word_1_130' title='bbox 1868 2214 1887 2261; x_wconf 88' lang='lat' dir='ltr'><strong>a</strong></span> <span class='ocrx_word' id='word_1_131' title='bbox 1900 2214 2028 2284; x_wconf 79' lang='lat' dir='ltr'><strong>cogno-</strong></span> 
     </span>
     <span class='ocr_line' id='line_1_16' title="bbox 762 2281 2029 2387; baseline 0.003 -25"><span class='ocrx_word' id='word_1_132' title='bbox 762 2285 874 2364; x_wconf 87' lang='lat' dir='ltr'><strong>scente</strong></span> <span class='ocrx_word' id='word_1_133' title='bbox 882 2287 1050 2383; x_wconf 85' lang='lat' dir='ltr'><strong>graduum</strong></span> <span class='ocrx_word' id='word_1_134' title='bbox 1061 2283 1286 2363; x_wconf 83' lang='lat' dir='ltr'><strong>differentiam</strong></span> <span class='ocrx_word' id='word_1_135' title='bbox 1300 2284 1431 2359; x_wconf 86' lang='lat' dir='ltr'><strong>nonnifi</strong></span> <span class='ocrx_word' id='word_1_136' title='bbox 1439 2281 1578 2363; x_wconf 82' lang='lat' dir='ltr'><strong>confuse</strong></span> <span class='ocrx_word' id='word_1_137' title='bbox 1587 2282 1740 2379; x_wconf 83' lang='lat' dir='ltr'><strong>affignari</strong></span> <span class='ocrx_word' id='word_1_138' title='bbox 1748 2294 1904 2387; x_wconf 88' lang='lat' dir='ltr'><strong>nequeat)</strong></span> <span class='ocrx_word' id='word_1_139' title='bbox 1913 2292 1967 2365; x_wconf 83' lang='lat' dir='ltr'><strong>vel</strong></span> <span class='ocrx_word' id='word_1_140' title='bbox 1976 2286 2029 2365; x_wconf 87' lang='lat' dir='ltr'><strong>su·</strong></span> 
     </span>
     <span class='ocr_line' id='line_1_17' title="bbox 761 2385 2028 2490; baseline 0.002 -26"><span class='ocrx_word' id='word_1_141' title='bbox 761 2413 869 2490; x_wconf 84' lang='lat' dir='ltr'><strong>perat,</strong></span> <span class='ocrx_word' id='word_1_142' title='bbox 883 2390 939 2465; x_wconf 87' lang='lat' dir='ltr'><strong>vel</strong></span> <span class='ocrx_word' id='word_1_143' title='bbox 956 2389 997 2462; x_wconf 79' lang='lat' dir='ltr'><strong>ab</strong></span> <span class='ocrx_word' id='word_1_144' title='bbox 1016 2390 1136 2461; x_wconf 85' lang='lat' dir='ltr'><strong>eodem</strong></span> <span class='ocrx_word' id='word_1_145' title='bbox 1153 2386 1273 2463; x_wconf 84' lang='lat' dir='ltr'><strong>deficit.</strong></span> <span class='ocrx_word' id='word_1_146' title='bbox 1322 2396 1420 2485; x_wconf 84' lang='lat' dir='ltr'><strong>Aqua</strong></span> <span class='ocrx_word' id='word_1_147' title='bbox 1435 2394 1471 2463; x_wconf 91' lang='lat' dir='ltr'><strong>in</strong></span> <span class='ocrx_word' id='word_1_148' title='bbox 1481 2389 1575 2461; x_wconf 87' lang='lat' dir='ltr'><strong>alveo</strong></span> <span class='ocrx_word' id='word_1_149' title='bbox 1585 2388 1733 2461; x_wconf 79' lang='lat' dir='ltr'><strong>fluminis</strong></span> <span class='ocrx_word' id='word_1_150' title='bbox 1743 2385 1966 2467; x_wconf 88' lang='lat' dir='ltr'><strong>determinata</strong></span> <span class='ocrx_word' id='word_1_151' title='bbox 1977 2388 2028 2467; x_wconf 84' lang='lat' dir='ltr'><strong>ce-</strong></span> 
     </span>
     <span class='ocr_line' id='line_1_18' title="bbox 762 2487 2028 2597; baseline 0.003 -32"><span class='ocrx_word' id='word_1_152' title='bbox 762 2494 893 2570; x_wconf 89' lang='lat' dir='ltr'><strong>leritate</strong></span> <span class='ocrx_word' id='word_1_153' title='bbox 907 2493 1063 2579; x_wconf 84' lang='lat' dir='ltr'><strong>decurrit,</strong></span> <span class='ocrx_word' id='word_1_154' title='bbox 1077 2515 1151 2587; x_wconf 85' lang='lat' dir='ltr'><strong>quae</strong></span> <span class='ocrx_word' id='word_1_155' title='bbox 1166 2495 1332 2563; x_wconf 89' lang='lat' dir='ltr'><strong>minuitur</strong></span> <span class='ocrx_word' id='word_1_156' title='bbox 1346 2493 1382 2561; x_wconf 88' lang='lat' dir='ltr'><strong>in</strong></span> <span class='ocrx_word' id='word_1_157' title='bbox 1396 2489 1491 2565; x_wconf 89' lang='lat' dir='ltr'><strong>alveo</strong></span> <span class='ocrx_word' id='word_1_158' title='bbox 1509 2487 1672 2564; x_wconf 86' lang='lat' dir='ltr'><strong>artificiali</strong></span> <span class='ocrx_word' id='word_1_159' title='bbox 1687 2495 1799 2564; x_wconf 87' lang='lat' dir='ltr'><strong>minus</strong></span> <span class='ocrx_word' id='word_1_160' title='bbox 1817 2490 1947 2585; x_wconf 86' lang='lat' dir='ltr'><strong>declivi,</strong></span> <span class='ocrx_word' id='word_1_161' title='bbox 1963 2520 2028 2597; x_wconf 89' lang='lat' dir='ltr'><strong>per</strong></span> 
     </span>
     <span class='ocr_line' id='line_1_19' title="bbox 763 2590 2028 2697; baseline 0.002 -28"><span class='ocrx_word' id='word_1_162' title='bbox 763 2618 867 2693; x_wconf 84' lang='lat' dir='ltr'><strong>quem</strong></span> <span class='ocrx_word' id='word_1_163' title='bbox 884 2594 925 2668; x_wconf 88' lang='lat' dir='ltr'><strong>ad</strong></span> <span class='ocrx_word' id='word_1_164' title='bbox 939 2614 1029 2667; x_wconf 84' lang='lat' dir='ltr'><strong>rotat</strong></span> <span class='ocrx_word' id='word_1_165' title='bbox 1042 2592 1214 2666; x_wconf 87' lang='lat' dir='ltr'><strong>molarum</strong></span> <span class='ocrx_word' id='word_1_166' title='bbox 1229 2590 1419 2679; x_wconf 84' lang='lat' dir='ltr'><strong>deducitur,</strong></span> <span class='ocrx_word' id='word_1_167' title='bbox 1435 2615 1682 2687; x_wconf 85' lang='lat' dir='ltr'><strong>augeturrero,</strong></span> <span class='ocrx_word' id='word_1_168' title='bbox 1695 2592 1778 2666; x_wconf 91' lang='lat' dir='ltr'><strong>dum</strong></span> <span class='ocrx_word' id='word_1_169' title='bbox 1792 2618 1855 2693; x_wconf 90' lang='lat' dir='ltr'><strong>per</strong></span> <span class='ocrx_word' id='word_1_170' title='bbox 1874 2600 2028 2697; x_wconf 77' lang='lat' dir='ltr'><strong>praeripi-</strong></span> 
     </span>
     <span class='ocr_line' id='line_1_20' title="bbox 763 2691 2026 2791; baseline 0.002 -22"><span class='ocrx_word' id='word_1_171' title='bbox 763 2700 852 2771; x_wconf 88' lang='lat' dir='ltr'><strong>tium</strong></span> <span class='ocrx_word' id='word_1_172' title='bbox 866 2698 903 2768; x_wconf 92' lang='lat' dir='ltr'><strong>in</strong></span> <span class='ocrx_word' id='word_1_173' title='bbox 917 2693 1048 2769; x_wconf 79' lang='lat' dir='ltr'><strong>eaedem</strong></span> <span class='ocrx_word' id='word_1_174' title='bbox 1061 2697 1138 2769; x_wconf 89' lang='lat' dir='ltr'><strong>ruit.</strong></span> <span class='ocrx_word' id='word_1_175' title='bbox 1187 2691 1349 2767; x_wconf 86' lang='lat' dir='ltr'><strong>Similiter</strong></span> <span class='ocrx_word' id='word_1_176' title='bbox 1364 2692 1509 2790; x_wconf 81' lang='lat' dir='ltr'><strong>planeta,</strong></span> <span class='ocrx_word' id='word_1_177' title='bbox 1526 2697 1586 2791; x_wconf 91' lang='lat' dir='ltr'><strong>qui</strong></span> <span class='ocrx_word' id='word_1_178' title='bbox 1601 2697 1686 2767; x_wconf 86' lang='lat' dir='ltr'><strong>cirea</strong></span> <span class='ocrx_word' id='word_1_179' title='bbox 1696 2695 1809 2769; x_wconf 88' lang='lat' dir='ltr'><strong>Solem</strong></span> <span class='ocrx_word' id='word_1_180' title='bbox 1822 2700 2026 2785; x_wconf 83' lang='lat' dir='ltr'><strong>revolvitur,</strong></span> 
     </span>
     <span class='ocr_line' id='line_1_21' title="bbox 762 2791 2027 2896; baseline 0.003 -25"><span class='ocrx_word' id='word_1_181' title='bbox 762 2797 1017 2873; x_wconf 83' lang='lat' dir='ltr'><strong>determinatam</strong></span> <span class='ocrx_word' id='word_1_182' title='bbox 1033 2794 1134 2869; x_wconf 87' lang='lat' dir='ltr'><strong>habet</strong></span> <span class='ocrx_word' id='word_1_183' title='bbox 1148 2797 1185 2868; x_wconf 86' lang='lat' dir='ltr'><strong>in</strong></span> <span class='ocrx_word' id='word_1_184' title='bbox 1199 2795 1320 2893; x_wconf 81' lang='lat' dir='ltr'><strong>quovis</strong></span> <span class='ocrx_word' id='word_1_185' title='bbox 1336 2791 1452 2867; x_wconf 81' lang='lat' dir='ltr'><strong>orbitae</strong></span> <span class='ocrx_word' id='word_1_186' title='bbox 1466 2792 1595 2896; x_wconf 71' lang='lat' dir='ltr'><strong>pundlo</strong></span> <span class='ocrx_word' id='word_1_187' title='bbox 1612 2822 1630 2867; x_wconf 92' lang='lat' dir='ltr'><strong>a</strong></span> <span class='ocrx_word' id='word_1_188' title='bbox 1645 2794 1724 2869; x_wconf 87' lang='lat' dir='ltr'><strong>Sole</strong></span> <span class='ocrx_word' id='word_1_189' title='bbox 1738 2794 1940 2889; x_wconf 80' lang='lat' dir='ltr'><strong>distantiam3</strong></span> <span class='ocrx_word' id='word_1_190' title='bbox 1972 2805 2027 2875; x_wconf 80' lang='lat' dir='ltr'><strong>via</strong></span> 
     </span>
     <span class='ocr_line' id='line_1_22' title="bbox 762 2894 2029 3000; baseline 0 -26"><span class='ocrx_word' id='word_1_191' title='bbox 762 2895 928 3000; x_wconf 86' lang='lat' dir='ltr'><strong>imprella,</strong></span> <span class='ocrx_word' id='word_1_192' title='bbox 942 2924 1010 2996; x_wconf 89' lang='lat' dir='ltr'><strong>qua</strong></span> <span class='ocrx_word' id='word_1_193' title='bbox 1025 2923 1088 2999; x_wconf 90' lang='lat' dir='ltr'><strong>per</strong></span> <span class='ocrx_word' id='word_1_194' title='bbox 1102 2918 1297 2990; x_wconf 83' lang='lat' dir='ltr'><strong>tangentem</strong></span> <span class='ocrx_word' id='word_1_195' title='bbox 1312 2900 1348 2969; x_wconf 89' lang='lat' dir='ltr'><strong>in</strong></span> <span class='ocrx_word' id='word_1_196' title='bbox 1362 2894 1424 2971; x_wconf 87' lang='lat' dir='ltr'><strong>isto</strong></span> <span class='ocrx_word' id='word_1_197' title='bbox 1442 2896 1570 2998; x_wconf 67' lang='lat' dir='ltr'><strong>punito</strong></span> <span class='ocrx_word' id='word_1_198' title='bbox 1585 2896 1747 2999; x_wconf 85' lang='lat' dir='ltr'><strong>progredi</strong></span> <span class='ocrx_word' id='word_1_199' title='bbox 1760 2903 1890 2989; x_wconf 88' lang='lat' dir='ltr'><strong>nititur,</strong></span> <span class='ocrx_word' id='word_1_200' title='bbox 1906 2900 1955 2974; x_wconf 88' lang='lat' dir='ltr'><strong>est</strong></span> <span class='ocrx_word' id='word_1_201' title='bbox 1972 2904 2029 2981; x_wconf 79' lang='lat' dir='ltr'><strong>de-</strong></span> 
     </span>
    </p>

    <p class='ocr_par' dir='ltr' id='par_1_5' title="bbox 651 2994 2087 3815">
     <span class='ocr_line' id='line_1_23' title="bbox 651 2994 2030 3094; baseline 0.004 -20"><span class='ocrx_word' id='word_1_202' title='bbox 651 2998 654 3003; x_wconf 73' lang='grc'><strong>’</strong></span> <span class='ocrx_word' id='word_1_203' title='bbox 760 3003 931 3075; x_wconf 83' lang='lat' dir='ltr'><strong>terminati</strong></span> <span class='ocrx_word' id='word_1_204' title='bbox 946 2999 1080 3094; x_wconf 82' lang='lat' dir='ltr'><strong>gradus,</strong></span> <span class='ocrx_word' id='word_1_205' title='bbox 1101 2994 1157 3074; x_wconf 82' lang='lat' dir='ltr'><strong>seu</strong></span> <span class='ocrx_word' id='word_1_206' title='bbox 1173 2999 1428 3072; x_wconf 83' lang='lat' dir='ltr'><strong>determinatam</strong></span> <span class='ocrx_word' id='word_1_207' title='bbox 1445 2999 1591 3071; x_wconf 82' lang='lat' dir='ltr'><strong>admittit</strong></span> <span class='ocrx_word' id='word_1_208' title='bbox 1608 2998 1820 3090; x_wconf 88' lang='lat' dir='ltr'><strong>celeritatem,</strong></span> <span class='ocrx_word' id='word_1_209' title='bbox 1830 3026 1893 3075; x_wconf 89' lang='lat' dir='ltr'><strong>nec</strong></span> <span class='ocrx_word' id='word_1_210' title='bbox 1910 3008 2030 3083; x_wconf 81' lang='lat' dir='ltr'><strong>minus</strong></span> 
     </span>
     <span class='ocr_line' id='line_1_24' title="bbox 761 3094 2026 3202; baseline 0.006 -27"><span class='ocrx_word' id='word_1_211' title='bbox 761 3107 813 3176; x_wconf 82' lang='lat' dir='ltr'><strong>via</strong></span> <span class='ocrx_word' id='word_1_212' title='bbox 828 3107 1022 3201; x_wconf 89' lang='lat' dir='ltr'><strong>centtipeta,</strong></span> <span class='ocrx_word' id='word_1_213' title='bbox 1033 3126 1098 3202; x_wconf 86' lang='lat' dir='ltr'><strong>qua</strong></span> <span class='ocrx_word' id='word_1_214' title='bbox 1112 3128 1130 3173; x_wconf 90' lang='lat' dir='ltr'><strong>a</strong></span> <span class='ocrx_word' id='word_1_215' title='bbox 1146 3124 1244 3176; x_wconf 91' lang='lat' dir='ltr'><strong>motu</strong></span> <span class='ocrx_word' id='word_1_216' title='bbox 1259 3094 1434 3173; x_wconf 68' lang='lat' dir='ltr'><strong>redlilineo</strong></span> <span class='ocrx_word' id='word_1_217' title='bbox 1449 3101 1680 3199; x_wconf 89' lang='lat' dir='ltr'><strong>detorquetur,</strong></span> <span class='ocrx_word' id='word_1_218' title='bbox 1691 3100 1953 3179; x_wconf 85' lang='lat' dir='ltr'><strong>determinatum</strong></span> <span class='ocrx_word' id='word_1_219' title='bbox 1967 3106 2026 3181; x_wconf 87' lang='lat' dir='ltr'><strong>ha·</strong></span> 
     </span>
     <span class='ocr_line' id='line_1_25' title="bbox 761 3198 2087 3298; baseline 0.004 -20"><span class='ocrx_word' id='word_1_220' title='bbox 761 3202 820 3281; x_wconf 91' lang='lat' dir='ltr'><strong>bet</strong></span> <span class='ocrx_word' id='word_1_221' title='bbox 837 3203 990 3298; x_wconf 88' lang='lat' dir='ltr'><strong>gradum.</strong></span> <span class='ocrx_word' id='word_1_222' title='bbox 1041 3208 1083 3276; x_wconf 92' lang='lat' dir='ltr'><strong>ln</strong></span> <span class='ocrx_word' id='word_1_223' title='bbox 1099 3203 1201 3277; x_wconf 86' lang='lat' dir='ltr'><strong>rebus</strong></span> <span class='ocrx_word' id='word_1_224' title='bbox 1217 3200 1494 3277; x_wconf 73' lang='lat' dir='ltr'><strong>immaterialibus</strong></span> <span class='ocrx_word' id='word_1_225' title='bbox 1509 3201 1629 3277; x_wconf 93' lang='lat' dir='ltr'><strong>eodem</strong></span> <span class='ocrx_word' id='word_1_226' title='bbox 1644 3202 1749 3277; x_wconf 90' lang='lat' dir='ltr'><strong>modo</strong></span> <span class='ocrx_word' id='word_1_227' title='bbox 1765 3198 1899 3278; x_wconf 79' lang='lat' dir='ltr'><strong>leseres</strong></span> <span class='ocrx_word' id='word_1_228' title='bbox 1917 3206 2024 3283; x_wconf 82' lang='lat' dir='ltr'><strong>habet.</strong></span> <span class='ocrx_word' id='word_1_229' title='bbox 2080 3250 2087 3263; x_wconf 91' lang='lat'><strong>·</strong></span> 
     </span>
     <span class='ocr_line' id='line_1_26' title="bbox 761 3300 2022 3400; baseline -0.002 -17"><span class='ocrx_word' id='word_1_230' title='bbox 761 3306 919 3383; x_wconf 73' lang='lat' dir='ltr'><strong>Attentio</strong></span> <span class='ocrx_word' id='word_1_231' title='bbox 934 3309 970 3380; x_wconf 89' lang='lat' dir='ltr'><strong>in</strong></span> <span class='ocrx_word' id='word_1_232' title='bbox 986 3302 1122 3379; x_wconf 82' lang='lat' dir='ltr'><strong>diverfia</strong></span> <span class='ocrx_word' id='word_1_233' title='bbox 1136 3304 1334 3381; x_wconf 79' lang='lat' dir='ltr'><strong>hominibus</strong></span> <span class='ocrx_word' id='word_1_234' title='bbox 1349 3302 1458 3400; x_wconf 87' lang='lat' dir='ltr'><strong>gradu</strong></span> <span class='ocrx_word' id='word_1_235' title='bbox 1471 3300 1593 3376; x_wconf 85' lang='lat' dir='ltr'><strong>differt.</strong></span> <span class='ocrx_word' id='word_1_236' title='bbox 1619 3310 1732 3393; x_wconf 81' lang='lat' dir='ltr'><strong>Major</strong></span> <span class='ocrx_word' id='word_1_237' title='bbox 1741 3302 1788 3377; x_wconf 90' lang='lat' dir='ltr'><strong>est</strong></span> <span class='ocrx_word' id='word_1_238' title='bbox 1796 3312 1935 3381; x_wconf 86' lang='lat' dir='ltr'><strong>attentio</strong></span> <span class='ocrx_word' id='word_1_239' title='bbox 1947 3310 2022 3382; x_wconf 87' lang='lat' dir='ltr'><strong>alte·</strong></span> 
     </span>
     <span class='ocr_line' id='line_1_27' title="bbox 760 3398 2020 3496; baseline 0.002 -15"><span class='ocrx_word' id='word_1_240' title='bbox 760 3408 1075 3496; x_wconf 78' lang='lat' dir='ltr'><strong>riur,alteriuaaero</strong></span> <span class='ocrx_word' id='word_1_241' title='bbox 1085 3411 1208 3480; x_wconf 90' lang='lat' dir='ltr'><strong>minor.</strong></span> <span class='ocrx_word' id='word_1_242' title='bbox 1260 3405 1357 3478; x_wconf 80' lang='lat' dir='ltr'><strong>Alter</strong></span> <span class='ocrx_word' id='word_1_243' title='bbox 1372 3408 1591 3479; x_wconf 77' lang='lat' dir='ltr'><strong>attentionem</strong></span> <span class='ocrx_word' id='word_1_244' title='bbox 1605 3398 1802 3480; x_wconf 86' lang='lat' dir='ltr'><strong>conservare</strong></span> <span class='ocrx_word' id='word_1_245' title='bbox 1811 3409 2020 3485; x_wconf 83' lang='lat' dir='ltr'><strong>valetinlon·</strong></span> 
     </span>
     <span class='ocr_line' id='line_1_28' title="bbox 759 3507 2022 3609; baseline 0.002 -25"><span class='ocrx_word' id='word_1_246' title='bbox 759 3513 849 3609; x_wconf 86' lang='lat' dir='ltr'><strong>giori</strong></span> <span class='ocrx_word' id='word_1_247' title='bbox 860 3507 1144 3581; x_wconf 85' lang='lat' dir='ltr'><strong>demonstratione</strong></span> <span class='ocrx_word' id='word_1_248' title='bbox 1151 3507 1622 3605; x_wconf 79' lang='lat' dir='ltr'><strong>concipiendadtevolveuda:</strong></span> <span class='ocrx_word' id='word_1_249' title='bbox 1642 3507 2022 3589; x_wconf 80' lang='lat' dir='ltr'><strong>alteriusvetoattentio</strong></span> 
     </span>
     <span class='ocr_line' id='line_1_29' title="bbox 759 3605 2026 3712; baseline -0.002 -24"><span class='ocrx_word' id='word_1_250' title='bbox 759 3607 891 3689; x_wconf 82' lang='lat' dir='ltr'><strong>nonnifi</strong></span> <span class='ocrx_word' id='word_1_251' title='bbox 905 3608 1055 3683; x_wconf 85' lang='lat' dir='ltr'><strong>breviori</strong></span> <span class='ocrx_word' id='word_1_252' title='bbox 1063 3609 1289 3710; x_wconf 79' lang='lat' dir='ltr'><strong>expendendae</strong></span> <span class='ocrx_word' id='word_1_253' title='bbox 1297 3605 1427 3683; x_wconf 85' lang='lat' dir='ltr'><strong>sufficit.</strong></span> <span class='ocrx_word' id='word_1_254' title='bbox 1463 3614 1550 3712; x_wconf 70' lang='lat' dir='ltr'><strong>Quis</strong></span> <span class='ocrx_word' id='word_1_255' title='bbox 1559 3606 1671 3695; x_wconf 88' lang='lat' dir='ltr'><strong>nescit,</strong></span> <span class='ocrx_word' id='word_1_256' title='bbox 1680 3606 1751 3683; x_wconf 85' lang='lat' dir='ltr'><strong>dari</strong></span> <span class='ocrx_word' id='word_1_257' title='bbox 1762 3614 1885 3707; x_wconf 80' lang='lat' dir='ltr'><strong>gradus</strong></span> <span class='ocrx_word' id='word_1_258' title='bbox 1893 3618 2026 3691; x_wconf 75' lang='lat' dir='ltr'><strong>virtutis</strong></span> 
     </span>
     <span class='ocr_line' id='line_1_30' title="bbox 759 3707 1687 3815; baseline -0.008 -24"><span class='ocrx_word' id='word_1_259' title='bbox 759 3713 1029 3815; x_wconf 81' lang='lat' dir='ltr'><strong>atqueaitiorum</strong></span> <span class='ocrx_word' id='word_1_260' title='bbox 1040 3736 1108 3813; x_wconf 91' lang='lat' dir='ltr'><strong>pro</strong></span> <span class='ocrx_word' id='word_1_261' title='bbox 1117 3708 1302 3786; x_wconf 80' lang='lat' dir='ltr'><strong>diaerfitate</strong></span> <span class='ocrx_word' id='word_1_262' title='bbox 1318 3707 1545 3805; x_wconf 78' lang='lat' dir='ltr'><strong>subjettorum</strong></span> <span class='ocrx_word' id='word_1_263' title='bbox 1554 3715 1687 3785; x_wconf 82' lang='lat' dir='ltr'><strong>varios?</strong></span> 
     </span>
    </p>
   </div>
   <div class='ocr_carea' id='block_1_4' title="bbox 473 3867 2027 4779">
    <p class='ocr_par' dir='ltr' id='par_1_6' title="bbox 474 3867 2025 4072">
     <span class='ocr_line' id='line_1_31' title="bbox 474 3867 2025 4072; baseline 0.002 -28"><span class='ocrx_word' id='word_1_264' title='bbox 474 3969 672 4067; x_wconf 66' lang='lat' dir='ltr'><strong>cognitiora</strong></span> <span class='ocrx_word' id='word_1_265' title='bbox 850 3954 1038 4065; x_wconf 83' lang='lat' dir='ltr'><strong>Cognitio</strong></span> <span class='ocrx_word' id='word_1_266' title='bbox 1061 3959 1275 4071; x_wconf 87' lang='lat' dir='ltr'><strong>quantitatis</strong></span> <span class='ocrx_word' id='word_1_267' title='bbox 1298 3867 1425 4045; x_wconf 70' lang='lat' dir='ltr'><strong>ret-ull</strong></span> <span class='ocrx_word' id='word_1_268' title='bbox 1449 3958 1502 4042; x_wconf 86' lang='lat' dir='ltr'><strong>est</strong></span> <span class='ocrx_word' id='word_1_269' title='bbox 1516 3982 1582 4065; x_wconf 87' lang='lat' dir='ltr'><strong>ea,</strong></span> <span class='ocrx_word' id='word_1_270' title='bbox 1610 3984 1727 4072; x_wconf 90' lang='lat' dir='ltr'><strong>quam</strong></span> <span class='ocrx_word' id='word_1_271' title='bbox 1741 3959 2025 4047; x_wconf 77' lang='lat' dir='ltr'><strong>mathematicam</strong></span> 
     </span>
    </p>

    <p class='ocr_par' dir='ltr' id='par_1_7' title="bbox 473 4072 956 4185">
     <span class='ocr_line' id='line_1_32' title="bbox 473 4072 956 4185; baseline 0.014 -37"><span class='ocrx_word' id='word_1_272' title='bbox 473 4075 702 4147; x_wconf 70' lang='lat' dir='ltr'><strong>marmarica</strong></span> <span class='ocrx_word' id='word_1_273' title='bbox 717 4072 956 4185; x_wconf 83' lang='lat' dir='ltr'><strong>appellamus.</strong></span> 
     </span>
    </p>

    <p class='ocr_par' dir='ltr' id='par_1_8' title="bbox 474 4170 2027 4698">
     <span class='ocr_line' id='line_1_33' title="bbox 474 4170 2026 4287; baseline 0.01 -31"><span class='ocrx_word' id='word_1_274' title='bbox 474 4170 626 4267; x_wconf 57' lang='lat' dir='ltr'><strong>&amp;finitio</strong></span> <span class='ocrx_word' id='word_1_275' title='bbox 828 4190 921 4287; x_wconf 69' lang='lat' dir='ltr'><strong>ligr.</strong></span> <span class='ocrx_word' id='word_1_276' title='bbox 943 4186 1075 4262; x_wconf 84' lang='lat' dir='ltr'><strong>Caloria</strong></span> <span class='ocrx_word' id='word_1_277' title='bbox 1090 4187 1267 4265; x_wconf 86' lang='lat' dir='ltr'><strong>meridiani</strong></span> <span class='ocrx_word' id='word_1_278' title='bbox 1280 4189 1366 4265; x_wconf 83' lang='lat' dir='ltr'><strong>Solis</strong></span> <span class='ocrx_word' id='word_1_279' title='bbox 1382 4192 1611 4285; x_wconf 85' lang='lat' dir='ltr'><strong>cognitionem</strong></span> <span class='ocrx_word' id='word_1_280' title='bbox 1627 4191 1896 4268; x_wconf 88' lang='lat' dir='ltr'><strong>mathematicam</strong></span> <span class='ocrx_word' id='word_1_281' title='bbox 1911 4190 2026 4287; x_wconf 85' lang='lat' dir='ltr'><strong>habet,</strong></span> 
     </span>
     <span class='ocr_line' id='line_1_34' title="bbox 766 4286 2026 4401; baseline 0.01 -40"><span class='ocrx_word' id='word_1_282' title='bbox 766 4286 828 4386; x_wconf 86' lang='lat' dir='ltr'><strong>qui</strong></span> <span class='ocrx_word' id='word_1_283' title='bbox 841 4295 1058 4383; x_wconf 84' lang='lat' dir='ltr'><strong>quantitatem</strong></span> <span class='ocrx_word' id='word_1_284' title='bbox 1072 4294 1143 4391; x_wconf 79' lang='lat' dir='ltr'><strong>ejus</strong></span> <span class='ocrx_word' id='word_1_285' title='bbox 1159 4289 1346 4388; x_wconf 81' lang='lat' dir='ltr'><strong>cognoscit,</strong></span> <span class='ocrx_word' id='word_1_286' title='bbox 1366 4298 1535 4369; x_wconf 88' lang='lat' dir='ltr'><strong>rationem</strong></span> <span class='ocrx_word' id='word_1_287' title='bbox 1549 4293 1606 4370; x_wconf 85' lang='lat' dir='ltr'><strong>seu</strong></span> <span class='ocrx_word' id='word_1_288' title='bbox 1620 4298 1881 4398; x_wconf 88' lang='lat' dir='ltr'><strong>proportionem</strong></span> <span class='ocrx_word' id='word_1_289' title='bbox 1895 4293 2026 4401; x_wconf 88' lang='lat' dir='ltr'><strong>perspi·</strong></span> 
     </span>
     <span class='ocr_line' id='line_1_35' title="bbox 766 4391 2026 4489; baseline 0.01 -28"><span class='ocrx_word' id='word_1_290' title='bbox 766 4394 979 4489; x_wconf 83' lang='lat' dir='ltr'><strong>ciens,quam</strong></span> <span class='ocrx_word' id='word_1_291' title='bbox 994 4391 1097 4469; x_wconf 89' lang='lat' dir='ltr'><strong>habet</strong></span> <span class='ocrx_word' id='word_1_292' title='bbox 1110 4392 1204 4470; x_wconf 84' lang='lat' dir='ltr'><strong>calor</strong></span> <span class='ocrx_word' id='word_1_293' title='bbox 1220 4396 1287 4469; x_wconf 87' lang='lat' dir='ltr'><strong>dati</strong></span> <span class='ocrx_word' id='word_1_294' title='bbox 1303 4393 1378 4486; x_wconf 91' lang='lat' dir='ltr'><strong>diei,</strong></span> <span class='ocrx_word' id='word_1_295' title='bbox 1388 4422 1419 4467; x_wconf 88' lang='lat' dir='ltr'><strong>v.</strong></span> <span class='ocrx_word' id='word_1_296' title='bbox 1431 4420 1481 4489; x_wconf 88' lang='lat' dir='ltr'><strong>gr.</strong></span> <span class='ocrx_word' id='word_1_297' title='bbox 1498 4398 1590 4469; x_wconf 87' lang='lat' dir='ltr'><strong>calor</strong></span> <span class='ocrx_word' id='word_1_298' title='bbox 1603 4396 1900 4471; x_wconf 79' lang='lat' dir='ltr'><strong>meridianuaSolis</strong></span> <span class='ocrx_word' id='word_1_299' title='bbox 1920 4398 2026 4479; x_wconf 84' lang='lat' dir='ltr'><strong>aesttvi</strong></span> 
     </span>
     <span class='ocr_line' id='line_1_36' title="bbox 763 4488 2026 4601; baseline 0.013 -40"><span class='ocrx_word' id='word_1_300' title='bbox 763 4488 807 4563; x_wconf 85' lang='lat' dir='ltr'><strong>ad</strong></span> <span class='ocrx_word' id='word_1_301' title='bbox 825 4490 969 4571; x_wconf 78' lang='lat' dir='ltr'><strong>calorem</strong></span> <span class='ocrx_word' id='word_1_302' title='bbox 989 4496 1214 4573; x_wconf 85' lang='lat' dir='ltr'><strong>meridianum</strong></span> <span class='ocrx_word' id='word_1_303' title='bbox 1229 4496 1316 4571; x_wconf 86' lang='lat' dir='ltr'><strong>Solia</strong></span> <span class='ocrx_word' id='word_1_304' title='bbox 1337 4502 1372 4571; x_wconf 90' lang='lat' dir='ltr'><strong>in</strong></span> <span class='ocrx_word' id='word_1_305' title='bbox 1391 4494 1530 4573; x_wconf 85' lang='lat' dir='ltr'><strong>solstitio</strong></span> <span class='ocrx_word' id='word_1_306' title='bbox 1550 4499 1715 4587; x_wconf 90' lang='lat' dir='ltr'><strong>brumali,</strong></span> <span class='ocrx_word' id='word_1_307' title='bbox 1747 4520 1784 4569; x_wconf 91' lang='lat' dir='ltr'><strong>ut</strong></span> <span class='ocrx_word' id='word_1_308' title='bbox 1802 4496 1865 4601; x_wconf 78' lang='lat' dir='ltr'><strong>ipit</strong></span> <span class='ocrx_word' id='word_1_309' title='bbox 1879 4498 2026 4593; x_wconf 83' lang='lat' dir='ltr'><strong>constet,</strong></span> 
     </span>
     <span class='ocr_line' id='line_1_37' title="bbox 765 4592 2027 4698; baseline 0.013 -33"><span class='ocrx_word' id='word_1_310' title='bbox 765 4592 955 4698; x_wconf 84' lang='lat' dir='ltr'><strong>quotuplaa</strong></span> <span class='ocrx_word' id='word_1_311' title='bbox 967 4596 1005 4673; x_wconf 83' lang='lat' dir='ltr'><strong>lit</strong></span> <span class='ocrx_word' id='word_1_312' title='bbox 1018 4600 1110 4681; x_wconf 85' lang='lat' dir='ltr'><strong>calor</strong></span> <span class='ocrx_word' id='word_1_313' title='bbox 1122 4598 1330 4681; x_wconf 73' lang='lat' dir='ltr'><strong>meridianus</strong></span> <span class='ocrx_word' id='word_1_314' title='bbox 1345 4603 1382 4679; x_wconf 86' lang='lat' dir='ltr'><strong>in</strong></span> <span class='ocrx_word' id='word_1_315' title='bbox 1394 4592 1531 4677; x_wconf 82' lang='lat' dir='ltr'><strong>solstitio</strong></span> <span class='ocrx_word' id='word_1_316' title='bbox 1544 4600 1656 4681; x_wconf 79' lang='lat' dir='ltr'><strong>aestivo</strong></span> <span class='ocrx_word' id='word_1_317' title='bbox 1665 4602 1703 4679; x_wconf 92' lang='lat' dir='ltr'><strong>ad</strong></span> <span class='ocrx_word' id='word_1_318' title='bbox 1715 4596 1865 4681; x_wconf 82' lang='lat' dir='ltr'><strong>calorem</strong></span> <span class='ocrx_word' id='word_1_319' title='bbox 1880 4606 1918 4679; x_wconf 89' lang='lat' dir='ltr'><strong>in</strong></span> <span class='ocrx_word' id='word_1_320' title='bbox 1927 4598 2027 4683; x_wconf 79' lang='lat' dir='ltr'><strong>lollii·</strong></span> 
     </span>
    </p>

    <p class='ocr_par' dir='ltr' id='par_1_9' title="bbox 1975 4726 2023 4779">
     <span class='ocr_line' id='line_1_38' title="bbox 1975 4726 2023 4779; baseline 0 0"><span class='ocrx_word' id='word_1_321' title='bbox 1975 4726 2023 4779; x_wconf 85' lang='lat' dir='ltr'><strong>ua</strong></span> 
     </span>
    </p>
   </div>
   <div class='ocr_carea' id='block_1_5' title="bbox 0 0 2422 5634">
    <p class='ocr_par' dir='ltr' id='par_1_10' title="bbox 0 0 2422 5634">
     <span class='ocr_line' id='line_1_39' title="bbox 0 0 2422 5634; baseline 0 1"><span class='ocrx_word' id='word_1_322' title='bbox 0 0 2422 5634; x_wconf 95' lang='lat' dir='ltr'><strong> </strong></span> 
     </span>
    </p>
   </div>
  </div>
 </body>
</html>
