4834 5634
886 521 1321 661 pbilrfirpsrarrdim
1380 522 1384 533 '
1699 543 1761 664 9'1

452 774 519 831 nec
538 742 832 857 hypothesibus
845 751 965 831 utitur
986 754 1026 832 in
1050 750 1348 837 demonstrandis
1375 750 1563 858 dogmatis
1581 753 1759 865 tanquam

439 868 642 974 principiis
665 866 847 973 (§.128.).
910 858 1031 985 Qud
1047 864 1074 949 fi
1092 896 1187 975 ergo
1204 872 1288 979 quis
1304 865 1408 949 aliter
1423 866 1542 969 sentit,
1572 873 1603 950 is
1620 868 1756 951 veltro

438 1001 524 1089 gat,
554 980 669 1093 quod
683 978 778 1061 alter
793 980 972 1085 affirmat,
1000 980 1059 1062 vel
1076 1010 1147 1091 pto
1171 988 1315 1065 incerto
1339 982 1529 1085 venditat,
1564 985 1671 1094 quod
1696 984 1752 1067 illi

434 1097 748 1183 demonstratum
763 1094 944 1199 habetur,
980 1096 1018 1178 dr
1037 1120 1167 1179 contra
1183 1124 1255 1207 pro
1278 1118 1382 1180 certo
1399 1094 1531 1200 habet,
1564 1100 1670 1209 quod
1687 1097 1751 1180 ille

432 1216 629 1294 incertum
646 1215 888 1321 pronunciat.
975 1212 1241 1323 Quamobrem
1264 1243 1352 1293 cum
1377 1214 1595 1294 affirmativa
1619 1213 1748 1296 ab'illo

431 1324 832 1429 fueritdcmonslrata,
846 1354 897 1408 eo
912 1326 993 1435 ipso
1009 1326 1191 1407 destruila
1205 1330 1258 1408 cll
1274 1332 1455 1434 negativa,
1473 1328 1583 1438 &qui
1593 1332 1753 1411 clutton·

422 1444 662 1527 strationem
684 1444 883 1553 percepit,
920 1470 1011 1523 cum
1034 1441 1293 1525 affirmativam
1318 1466 1493 1553 tanquam
1516 1468 1655 1525 certam
1672 1474 1751 1527 am-

436 1557 650 1669 plectatur,
678 1558 812 1669 sponte
826 1554 1043 1638 suamisiam
1060 1555 1148 1638 facit
1163 1564 1384 1665 negativam.
1423 1556 1666 1667 Supcrfiuum
1684 1566 1752 1642 ita-

445 1700 526 1783 que
570 1669 696 1777 soret,
726 1673 910 1766 sententiar
935 1677 1112 1776 negativa
1127 1672 1327 1755 refutanda
1352 1674 1578 1781 peculiarem
1595 1704 1752 1784 operam

453 1788 686 1895 impendere.
715 1784 865 1869 Eodem
884 1786 1006 1867 modo
1021 1786 1094 1867 sese
1113 1817 1168 1869 res
1185 1789 1318 1891 habet,
1335 1786 1361 1869 st
1378 1795 1544 1895 negativa
1557 1788 1753 1872 fiteritcvi-

455 1898 534 2004 tta,
550 1898 634 1981 aliis
648 1900 890 1982 affinmtivam
898 1900 1100 1983 tuentibus.
1118 1899 1300 1984 Similiter
1308 1902 1332 1983 li
1343 1902 1387 1983 ab
1400 1932 1461 2005 e0,
1479 1910 1544 2014 qui
1563 1907 1749 1988 methodo

452 2012 718 2126 philosophica
733 2014 1018 2125 philosophatur
1037 2080 1049 2119 ,
1083 2014 1292 2125 propositio
1317 2016 1436 2125 aliqua
1453 2019 1596 2101 nonnisi
1613 2021 1749 2127 proba-

446 2130 720 2213 biliteradllrui
735 2134 863 2241 possit,
890 2134 1084 2212 neminem
1100 2132 1140 2212 id
1155 2128 1330 2235 turbabit,
1360 2128 1460 2213 hvel
1480 2136 1747 2218 maximcalius

439 2274 523 2330 eam
536 2275 613 2358 pto
628 2257 734 2329 cert'o
749 2248 933 2329 venditet.
995 2242 1193 2367 Qoniam
1208 2252 1312 2327 enim
1328 2244 1390 2325 illc
1405 2251 1566 2327 rationes
1585 2250 1741 2353 indicat,

460 2392 516 2447 ut
531 2364 739 2469 deficiunt,
766 2390 848 2473 quo
864 2366 989 2443 atinus
1004 2360 1114 2443 thests
1132 2362 1376 2443 demonstrari
1392 2362 1524 2469 possam
1561 2366 1742 2475 quamdiu

429 2391 523 2565 llius
542 2474 743 2563 defectum
757 2504 840 2559 non
855 2474 1020 2583 supplet,
1056 2480 1136 2577 ejus
1159 2474 1346 2575 assertioni
1363 2504 1477 2558 nemo
1496 2478 1611 2559 fidem
1626 2479 1741 2560 habe-

428 2593 501 2703 bit,
528 2598 598 2709 qui
612 2588 814 2677 defcstum
829 2590 1211 2699 evidenterperlpicit.
1265 2589 1663 2705 Ftuilraneumitaquc
1679 2592 1740 2676 fo-

435 2733 503 2818 ret,
529 2710 616 2797 liin
633 2708 853 2793 revellenda
874 2704 1022 2789 alterius
1035 2706 1212 2789 sententia
1234 2706 1462 2816 peculiarem
1486 2736 1643 2818 operam
1659 2709 1738 2793 col-

438 2822 546 2916 loene
559 2824 693 2915 vellet.

524 2955 596 3059 Hia
610 2974 807 3055 rationibus
815 2996 992 3079 permotus
999 2970 1224 3072 Philosophus
1233 2972 1364 3048 nonnisi
1373 2974 1644 3075 propositionum
1654 2980 1742 3051 veri·

482 3106 583 3161 tuero
597 3076 820 3168 demonstrat,
836 3078 881 3168 dr,
896 3073 1106 3175 srahquando
1124 3080 1298 3169 contingit,
1316 3100 1353 3147 ut
1366 3075 1553 3175 opposrram
1568 3078 1739 3151 removeri

487 3183 694 3361 ”wilm
708 3172 1450 3355 ⁹⁸‘rlilhliililllillhildilid?
1459 3174 1739 3355 {illisas

486 3307 852 3465 fflsffiperpppopem
867 3377 1014 3481 sequitur
1029 3376 1271 3481 philosophus,
1295 3376 1356 3452 ubi
1370 3305 1544 3454 rerithtem
1561 3378 1665 3455 sol-arn
1680 3336 1736 3457 cu:

488 3489 702 3587 memdique
709 3483 830 3559 habet:
855 3483 890 3555 id
899 3483 990 3582 quod
1007 3509 1079 3555 non
1095 3478 1203 3583 potest
1212 3506 1282 3555 non
1294 3480 1382 3567 fieri,
1406 3480 1464 3555 ubi
1480 3482 1641 3557 methodo
1659 3486 1736 3583 phi·

488 3586 555 3665 loto
576 3580 1083 3707 hicaphilolbphrrieonstituia
1135 3577 1444 3703 Qinihilaffestui
1462 3580 1534 3672 dat,
1549 3609 1657 3658 necex
1673 3613 1734 3678 eo,

489 3680 1735 3889 htr‘hffiilltlliliiihhl{ilsltli'llhllsshbir

490 3886 1014 3987 bonaconvmientiusjudicabit
1021 3886 1171 3962 medium
1179 3912 1312 3961 errores
1324 3884 1511 3979 refellendi,
1519 3916 1620 3989 quam
1638 3890 1661 3965 fi
1677 3916 1733 3964 ve·

490 3987 809 4093 ritrtaiiaoppolltae
823 4014 885 4089 per
902 3989 1102 4063 indirettum
1116 3986 1398 4065 demonstrentur.
1416 3998 1733 4065 Vanitaremvenan·

492 4092 733 4191 digloriamcx
746 4091 921 4167 erroribus
937 4091 1081 4166 aliorum
1095 4090 1281 4165 evidentius
1296 4087 1602 4185 agnoscerelicebir,
1616 4091 1675 4167 ubi
1688 4094 1731 4171 de

490 4199 613 4295 origine
625 4196 752 4273 erroris
767 4195 804 4271 in
819 4195 947 4287 Logict
962 4197 1005 4287 (ς.
1024 4198 1102 4270 626.
1118 4190 1460 4296 &srqq.)egerimua.

592 4476 637 4561 n·
652 4474 735 4593 quir
749 4462 906 4557 methodo
914 4320 1452 4591 patulaptlldptrtosoptam,
1487 4482 1521 4561 r‘s
1543 4471 1728 4581 defendere
1741 4465 1889 4593 Mrtbodo

451 4597 717 4710 monitori
731 4592 1118 4709 revelarat-ontrario.
1172 4580 1257 4712 Qi
1278 4594 1381 4681 enim
1396 4592 1586 4691 methodo
1601 4572 1945 4773 Phi¹0jl⁶¹l⁰sjrl³⁶f

479 4773 484 4783 Ι
1096 4700 1149 4796 M
1172 4726 1197 4791 ἢ
1609 4673 1828 4826 sophum
1843 4682 1940 4781 opha,
