4834 5634
402 351 648 378 nun—sn...-

649 612 732 719 De
749 610 1072 752 dijiiiir'carrrli’r
1088 618 1242 727 libris
1261 622 1568 764 dogmaticis.
1656 639 1769 781 609

462 840 567 923 ditur
584 902 596 944 ‚
618 856 662 921 ut
676 836 799 923 lesior
813 842 861 923 ad
875 842 1033 951 legenda
1050 848 1181 957 liripii
1197 850 1399 937 scientifica
1421 878 1645 966 preparetur
1662 888 1674 953 i
1703 866 1768 947 de-

459 958 654 1039 finitiones
670 960 711 1037 in
726 980 776 1038 eo
798 984 878 1039 non
893 960 971 1041 aliae
996 962 1255 1070 collocanda,
1286 998 1399 1081 quoni
1424 1001 1504 1082 qua
1530 978 1569 1055 in
1592 975 1767 1061 scientifi-

455 1099 507 1155 co
525 1070 608 1153 usui
622 1068 695 1151 esse
711 1070 890 1181 poliunt,
913 1076 1186 1191 consequenter
1200 1111 1361 1195 quorum
1378 1076 1523 1173 realitiis
1540 1094 1580 1173 in
1596 1088 1675 1176 hoc
1691 1092 1766 1179 suit

452 1182 647 1271 adstrutta.
1474 1296 1477 1304 ᾳ

574 1300 773 1415 Qumdiu
787 1302 1006 1413 possibilitas
1023 1310 1256 1393 definitionis
1274 1312 1448 1395 nondum
1472 1314 1546 1397 suit
1559 1318 1761 1427 adsimila,

452 1444 548 1525 nuni
565 1444 609 1499 eu
627 1446 713 1500 vero
730 1410 792 1523 sit,
818 1448 863 1523 nn
880 1418 964 1501 salit
983 1488 993 1524 ‚
1021 1430 1215 1527 ignoratur
1242 1430 1303 1535 (p.
1319 1452 1408 1536 547.
1418 1430 1450 1537 )
1511 1430 1556 1515 T
1559 1454 1626 1515 uto
1645 1440 1761 1543 igitur

452 1534 614 1614 eundern
633 1532 680 1615 ad
696 1536 803 1616 usum
822 1540 904 1616 vitae
922 1540 1119 1623 transferre
1139 1569 1219 1623 non
1238 1542 1341 1625 lieet:
1365 1549 1489 1627 imino
1507 1546 1532 1629 si
1551 1550 1760 1658 impossibi-

453 1646 499 1731 lis
515 1648 652 1753 suerit,
669 1678 736 1757 per
750 1678 834 1731 enni
851 1679 1046 1762 nunquam
1062 1684 1120 1737 res
1138 1658 1289 1739 definita
1307 1658 1459 1765 agnosci
1474 1670 1624 1769 poterit.

569 1760 754 1869 Similiter
772 1771 811 1845 in
827 1766 965 1875 scripto
984 1770 1190 1854 scientifico
1207 1801 1287 1853 non
1304 1772 1435 1856 locuni
1459 1776 1599 1861 habent
1614 1808 1759 1889 propo·

442 1878 608 1987 ,sitiones
623 1880 687 1965 iiifi
703 1881 866 1989 probata
883 1884 943 1989 (p.
962 1909 1053 1990 790.
1064 1888 1095 1993 ).
1163 1886 1428 1999 Qiamobrenr
1450 1890 1673 2001 siseriptum
1687 1898 1759 1977 do·

451 1998 664 2106 gmtiticum
680 1996 904 2079 historicum
921 1997 1105 2081 letiorem
1121 2005 1263 2083 docere
1278 2002 1389 2085 debet
1405 2008 1446 2085 in
1462 2006 1757 2094 scientificorum

451 2110 620 2195 lee'lione
638 2114 720 2193 iilui
736 2111 881 2206 suturam
900 2141 968 2195 nec
984 2114 1060 2197 iilia
1080 2122 1118 2197 iii
1134 2145 1183 2198 eo
1200 2117 1478 2225 propositiones
1495 2121 1627 2206 locum
1643 2124 1757 2205 hobe-

449 2256 493 2313 te
509 2224 698 2337 possunt,
721 2226 788 2311 nisi
812 2257 892 2339 qua:
917 2234 958 2311 in
980 2230 1118 2343 scripto
1142 2233 1271 2345 aliquo
1289 2234 1497 2319 scientifico
1513 2240 1589 2337 jani
1604 2238 1757 2351 publice

450 2340 597 2429 fuerint
610 2342 880 2427 demonstrate.

573 2452 772 2659 Qndiu
788 2454 998 2569 propositio
1016 2456 1137 2569 aliqua
1152 2464 1328 2547 nondum
1347 2464 1756 2573 demonstrata‚utrum

448 2604 494 2661 ea
511 2600 600 2657 vera
630 2594 660 2659 it
678 2602 749 2658 nec
766 2602 836 2679 ne,
854 2580 1046 2681 ignoratur
1063 2576 1085 2681 (
1093 2577 1123 2681 p.
1139 2603 1229 2682 570.
1240 2580 1274 2686 ).
1317 2576 1433 2663 Tuto
1451 2586 1565 2689 igitur
1581 2584 1628 2665 ad
1645 2584 1756 2667 usum

447 2696 532 2777 vita
548 2688 739 2775 transferri
753 2695 902 2801 nequit:
918 2693 1059 2771 etenim
1077 2690 1311 2803 sijcontiiigat
1326 2722 1407 2777 enm
1419 2696 1491 2779 elie
1507 2694 1656 2804 sulstiin,
1669 2697 1755 2781 falsa

446 2834 607 2925 quoque
621 2806 713 2891 irinc
737 2806 919 2887 inseretur
933 2802 1124 2889 concluso
1143 2812 1183 2889 in
1200 2810 1284 2893 casu
1309 2808 1427 2893 obvio
1444 2814 1467 2921 (
1475 2814 1506 2921 p.
1524 2828 1611 2922 348.
1627 2818 1752 2923 538.)

548 2928 586 2997 Ε.
601 2948 652 3017 gr.
677 2925 797 3019 Siquis
813 2920 1042 2995 definitionem
1053 2928 1281 3020 temperantior
1294 2926 1532 3025 impossibilem
1542 2928 1711 3021 formatis
1721 2935 1755 3005 vi

499 3022 651 3125 ejusdem
667 3024 816 3113 homini,
831 3046 934 3122 quem
948 3022 1081 3095 aliunde
1096 3046 1341 3123 temperantem
1356 3026 1497 3123 judicit,
1522 3032 1663 3120 tribuet,
1680 3056 1754 3130 quie

501 3151 676 3226 nunquam
692 3124 801 3199 eidem
819 3128 1002 3197 convenire
1016 3122 1163 3223 poliunt.
1217 3134 1387 3228 Quoniam
1406 3132 1519 3225 itaque
1530 3128 1602 3205 fieri
1618 3136 1753 3229 nequir,

502 3250 542 3303 ur
554 3229 590 3301 in
604 3226 749 3325 quodam
765 3252 914 3325 unquam
930 3226 1070 3299 homine
1083 3250 1120 3297 ea
1135 3224 1235 3299 inesse
1244 3230 1550 3326 deprehendantur,
1559 3258 1631 3329 quae
1642 3237 1678 3304 in
1693 3259 1750 3305 no-

502 3334 594 3405 tione
608 3328 794 3429 deceptrice
810 3330 1038 3429 temperantiae
1058 3334 1300 3415 continentur3
1322 3356 1496 3425 nunquam
1520 3336 1618 3402 etiam
1635 3334 1753 3405 eadem

500 3432 634 3508 homini
648 3434 851 3529 temperanti
872 3424 1078 3523 agnoscendo
1094 3424 1258 3501 inserviet.
1311 3429 1471 3503 Similiter
1486 3430 1509 3503 fi
1522 3436 1595 3529 quis
1611 3432 1652 3505 de
1670 3455 1752 3505 tem·

521 3554 636 3607 mnte
646 3532 858 3633 judicaverit,
875 3556 949 3629 quae
965 3528 1074 3603 eidem
1088 3536 1269 3604 convenire
1284 3553 1472 3627 nequeunt;
1489 3536 1516 3605 is
1530 3536 1565 3605 in
1583 3529 1656 3607 casu
1670 3535 1752 3609 dato

464 3676 474 3691 ·
495 3562 632 3713 lumini
644 3638 847 3733 temperanti
863 3638 898 3707 in
911 3630 1068 3725 singulari
1092 3630 1268 3705 tribuet-ib
1284 3632 1404 3705 eodem
1421 3636 1564 3709 maxime
1574 3634 1688 3709 aliena.
1696 3642 1752 3708 Pa·

498 3740 681 3833 tetigitur,
696 3738 858 3835 quamdiu
874 3760 943 3805 non
958 3734 1101 3822 constat,
1119 3732 1350 3808 definitionem
1362 3742 1588 3835 temperantiae
1604 3737 1667 3811 elie
1678 3734 1752 3837 pos·

493 3838 625 3915 flbilem
640 3838 696 3927 u,
718 3862 792 3937 quae
806 3838 847 3909 de
859 3858 1067 3935 temperante
1089 3832 1318 3925 affirmantur,
1337 3836 1490 3911 eslevera
1507 3866 1515 3926 3
1538 3838 1751 3912 definitiones

492 3944 622 4041 pariter
641 3964 678 4013 ae
693 3938 941 4039 propofitionei
957 3937 996 4006 ad
1011 3940 1085 4009 vitae
1103 3932 1200 4011 usurn
1215 3964 1335 4037 porum
1359 3938 1457 4013 utiles
1481 3938 1553 4012 elle.
1606 3946 1688 4036 Qiae
1708 3939 1750 4013 de

431 4115 438 4132 ,
492 4041 676 4117 inutilitate
688 4044 724 4114 in
742 4036 1065 4139 seriptisscientificis
1081 4042 1116 4111 in
1127 4064 1249 4131 genere
1262 4038 1483 4113 demonstrata
1497 4037 1581 4131 sunt,
1593 4041 1631 4111 ad
1648 4044 1750 4129 hunc,

494 4144 548 4221 rel
564 4144 669 4219 ilium
683 4134 796 4217 casum
809 4136 988 4243 specialem
1005 4137 1130 4238 absque
1145 4142 1213 4213 ulla
1230 4138 1427 4217 difficultate
1442 4142 1663 4245 applicantur.

560 4399 702 4517 Qoilss
716 4401 966 4519 propositiones
992 4268 1189 4517 aliqo8ie4lln
1207 4396 1353 4511 stripii'i
1368 4398 1502 4505 scieriir'
1527 4404 1576 4481 ci's
1602 4394 1751 4483 nondum
1773 4430 1984 4533 Qum„

423 4522 579 4629 fierint
594 4517 867 4625 demonstrata,
885 4514 959 4626 sed
965 4510 1204 4635 probabiliter
1222 4512 1464 4595 tantummodo
1481 4518 1647 4623 offerro,
1676 4544 1752 4635 que
1770 4534 1969 4635 poſsiionibm

437 4662 560 4729 tamen
581 4640 646 4719 orl
665 4643 704 4719 i'o
713 4630 881 4739 scientiis
901 4632 954 4721 ad
966 4624 1170 4753 'redundo
1192 4656 1313 4711 eorum
1335 4692 1348 4733 ‚
1383 4656 1462 4750 quo
1493 4630 1725 4737 observantur
1740 4696 1752 4737 ‚
1769 4632 1984 4739 probabilibus

545 4768 834 4877 (lVoffiiLogr'ca)
1146 4740 1303 4831 Hhhh
1639 4758 1754 4835 roii'o.
